2743 3301
1230 335 1251 389 (
1286 337 1334 376 ¹5
1365 337 1386 389 )

456 433 606 489 sidium
637 433 803 473 exstitit.
849 432 1066 481 Quatenus
1092 435 1232 468 autem
1262 424 1314 468 ad
1344 428 1534 468 Arcesilae
1564 426 1739 469 rationes
1770 442 1857 470 sese
1886 431 2171 471 accommoda-

455 503 581 554 verit,
613 509 923 558 quantumque,
956 498 1037 555 jum
1071 497 1199 553 magis
1224 497 1311 552 ipse
1336 498 1380 537 in
1409 496 1726 552 dogmatismum
1751 497 1974 550 inclinans,
2017 515 2039 540 a
2072 514 2169 555 per-

454 571 562 612 fecto
593 570 848 626 scepticismo
877 567 1108 618 recesserit,
1142 577 1193 608 ex
1219 566 1344 606 totius
1371 564 1566 607 doctrinae
1596 565 1847 621 expositione
1876 567 2043 623 patebit.

1238 738 1366 794 gn.

510 886 737 928 Carneades
762 887 881 937 vero,
914 893 1081 926 auctore
1113 884 1320 924 Numenio
1345 884 1430 938 (1),
1467 887 1541 927 ὑπὸ
1568 890 1742 938 Στωϊκῆς
1770 890 2011 941 φιλονεικίας
2040 890 2092 934 εἷς
2120 891 2165 930 τὸ

450 958 617 1013 φανερὸν
642 959 784 1008 κυκῶν,
801 955 895 1012 πρός
915 971 967 1011 γε
995 954 1089 1000 τοὺς
1110 954 1257 999 ἑαυτοῦ
1284 954 1462 1009 ἑταίρους
1490 953 1536 998 δι’
1558 954 1787 1011 ἀποῤῥήτων
1807 956 2005 1012 ὡμολόγει
2034 974 2079 999 τε
2100 960 2166 999 καὶ

450 1027 621 1080 ἦλίθευε,
649 1029 716 1069 καὶ
746 1026 1022 1079 ἀπεφαίνετο,
1051 1022 1079 1066 ἄ
1109 1021 1187 1075 κᾷν
1214 1022 1340 1069 ἄλλος
1375 1027 1448 1068 τῶν
1480 1023 1770 1081 ἐπιτυχόντων.
1814 1026 1893 1066 Sed
1924 1026 2011 1066 haec
2048 1028 2080 1067 si
2113 1027 2166 1067 ad

450 1096 623 1138 verbum
648 1094 1123 1149 accipiantur50mnino
1150 1090 1395 1133 Carneadeae
1423 1094 1640 1133 sententiae
1660 1091 1796 1134 'indoli
1821 1104 2068 1149 repugnant.
2102 1095 2165 1135 De

449 1164 527 1205 hoc
560 1164 688 1220 igitur
719 1170 768 1204 ut
800 1170 1046 1214 statuamus,
1074 1160 1415 1203 Academicorum
1454 1163 1645 1206 universe
1680 1163 1782 1204 ratio
1821 1164 2039 1220 spectanda
2077 1173 2162 1217 est,

448 1247 592 1287 quam,
607 1231 739 1286 qualis
759 1246 808 1271 ex
829 1239 1018 1287 veterum
1038 1230 1280 1270 testimoniis
1298 1232 1391 1271 erui
1409 1232 1552 1286 possit,
1565 1230 1648 1288 jam
1667 1231 1893 1272 videamus.
1907 1232 1966 1272 Ac
1981 1233 2163 1287 primum

448 1300 626 1341 occurrit
647 1299 761 1341 locus
790 1299 903 1340 Sexti
929 1299 1127 1355 Empirici
1153 1298 1214 1354 (2)
1244 1298 1452 1341 simillima
1479 1300 1568 1341 fere
1595 1299 1645 1341 de
1668 1300 1867 1352 Arcesila,
1897 1309 1937 1341 et
1964 1301 2162 1342 determi—

445 1377 540 1410 nato
567 1369 735 1424 quidem
764 1368 1003 1423 dogmaticae
1029 1368 1225 1408 doctrinae
1253 1381 1404 1422 genere
1436 1367 1654 1408 tradentis:
1688 1371 1754 1411 καὶ
1781 1368 1870 1411 ἐπεὶ
1897 1373 1971 1412 τῶν
1999 1371 2160 1424 ἑταίρων

445 1438 665 1493 ἀπόπειραν
702 1436 920 1492 ἐλάμβανε
950 1437 1016 1481 δια
1045 1441 1114 1488 τῆς
1152 1437 1483 1493 ἀπορηματικῆς,
1525 1440 1556 1480 εἶ
1593 1438 1732 1492 ἀφυῶς
1773 1440 1923 1495 ἔχουσι
1961 1441 2055 1495 πρὸς
2093 1442 2159 1490 τὴν

444 1504 646 1559 ἀνάληψιν
675 1509 749 1549 τῶν
784 1509 1044 1550 Πλατωνικῶν
1083 1504 1329 1561 δογμάτων,
1359 1504 1469 1558 δόξαι
1498 1507 1616 1550 αὑτὸν
1654 1506 1893 1562 ἀπορητικὸν
1930 1506 2038 1551 εἶναι·
2079 1512 2160 1553 τοῖς

442 1576 579 1630 μέντοι
604 1591 655 1631 γε
682 1575 849 1630 εὐφυέσι
876 1579 950 1618 τῶν
977 1576 1164 1631 ἑταίρων,
1195 1577 1251 1618 τὰ
1276 1574 1492 1622 Πλάτωνος
1527 1582 1823 1633 παρεγχειρεῖν.
1847 1578 1944 1628 Quo
1959 1579 2159 1633 pertinet,

441 1642 554 1698 quod
581 1642 719 1697 prodit
746 1641 888 1683 Cicero
916 1642 998 1697 (3),
1025 1642 1277 1683 Academicis
1307 1657 1465 1684 morem
1497 1643 1625 1685 fuisse
1649 1645 1883 1686 occultandi
1914 1648 2158 1688 sententiam

439 1725 576 1761 suam,
602 1725 681 1751 nec
709 1725 800 1750 eam
826 1711 1043 1766 cuiquam,
1072 1712 1150 1751 nisi
1175 1712 1250 1767 qui
1281 1726 1422 1752 secum
1455 1713 1507 1753 ad
1531 1721 1787 1755 senectutem
1817 1729 1948 1770 usque
1971 1718 2156 1768 vixisset,

438 1779 598 1836 aperire
626 1789 851 1821 consuesse.
881 1779 986 1820 Cum
1005 1781 1135 1835 igitur
1159 1780 1480 1836 disputationem
1503 1789 1643 1822 contra
1670 1781 1931 1823 Academicos
1954 1783 2005 1824 ad
2030 1785 2155 1825 finem

440 1847 698 1903 perduxisset
737 1846 938 1888 Lucullus
956 1847 1045 1901 (4),
1098 1863 1123 1888 ))
1138 1848 1300 1900 Restat,
1339 1850 1495 1902 inquit,
1532 1849 1658 1900 illud,
1704 1851 1815 1905 quod
1856 1852 2022 1904 dicunt,
2068 1857 2156 1894 veri

436 1916 676 1959 inveniendi
715 1930 853 1957 caussa
897 1923 1037 1956 contra
1071 1917 1205 1957 omnia
1247 1916 1329 1957 dici
1374 1924 1583 1972 oportere,
1624 1926 1667 1958 et
1703 1933 1777 1974 pro
1813 1920 2017 1962 omnibus.
2049 1922 2155 1963 Volo

435 1986 565 2042 igitur
590 1983 756 2037 videre,
789 1984 891 2041 quid
924 1985 1173 2026 invenerint.
1217 1985 1311 2027 Non
1347 1986 1548 2039 solemus,
1584 1988 1743 2045 inquit,
1780 1990 2008 2033 ostendere.
2049 1992 2155 2044 Quae

437 2062 535 2095 sunt
561 2053 727 2095 tandem
752 2055 826 2094 ista
853 2052 1074 2109 mysteria?
1101 2063 1174 2095 aut
1199 2070 1274 2096 cur
1303 2055 1465 2107 celatis,
1492 2058 1608 2112 quasi
1637 2066 1759 2114 turpe
1782 2059 1962 2115 aliquid,
1986 2071 2154 2103 senten—

434 2122 535 2163 tiam
562 2120 766 2164 vestram?
788 2120 865 2173 Ut,
891 2122 964 2177 qui
989 2121 1181 2176 audient,
1202 2125 1365 2181 inquit,
1391 2127 1551 2168 ratione
1577 2127 1732 2183 potius,
1757 2142 1881 2183 quam
1907 2131 2151 2172 auctoritate

436 2190 685 2232 ducantur.'’
723 2190 831 2231 Hinc
859 2191 1123 2233 Academicos
1160 2210 1183 2235 a
1218 2195 1420 2237 Favorino
1455 2195 1639 2237 laudatos
1678 2197 1859 2238 Galenus
1896 2198 2024 2238 refert
2058 2200 2148 2254 (5),

435 2259 568 2315 quod,
589 2273 688 2300 cum
705 2260 750 2300 in
773 2266 995 2316 utramque
1022 2268 1183 2316 partem
1207 2260 1474 2315 dissererent,
1501 2263 1710 2320 discipulis
1735 2264 2049 2320 permittebant,
2078 2274 2148 2317 ut,

435 2350 2135 2373 Ἤ--ύ-ῄ-ζῄ

514 2404 557 2443 (1)
578 2402 675 2445 Apud
691 2402 858 2434 Eusebium
877 2403 1047 2445 Praeparat.
1070 2404 1189 2447 Evang.
1212 2406 1267 2436 lib.
1292 2406 1387 2436 XIV.
1406 2416 1433 2437 c.
1451 2408 1479 2437 8.
1501 2417 1531 2447 p.
1553 2408 1618 2446 738.
1639 2408 1677 2438 D.
1702 2408 1802 2439 conis.
1826 2411 1893 2450 739.
1917 2411 1956 2442 A.
1979 2418 2010 2442 et
2030 2412 2152 2454 Augus-

434 2455 492 2485 tin.
510 2460 620 2484 contra
636 2454 839 2484 Academicos
857 2456 920 2486 111.
943 2456 988 2484 28.
1011 2464 1063 2495 op.
1083 2466 1115 2496 p.
1138 2463 1160 2486 t.
1186 2459 1211 2486 1.
1232 2467 1263 2496 p.
1284 2467 1341 2496 2¹9
1363 2457 1416 2487 F.-

510 2506 551 2545 (2)
571 2504 732 2545 pyrrhon.
759 2500 932 2546 Hypotyp.
954 2505 1012 2538 lib.
1034 2508 1067 2544 1,
1089 2518 1115 2538 c.
1133 2509 1183 2540 53.
1204 2509 1221 2549 §
1240 2509 1306 2539 234.

511 2559 553 2597 (3)
574 2560 610 2588 In
632 2557 824 2598 fragmento,
852 2557 936 2598 quod
961 2560 1100 2590 servavit
1120 2561 1313 2601 Augustinus
1335 2568 1443 2593 contra
1463 2562 1610 2593 Academ.
1637 2563 1693 2593 lib.
1715 2566 1784 2603 111,
1804 2576 1830 2596 c.
1852 2577 1900 2597 20.

510 2609 553 2648 (4)
573 2607 668 2649 Apud
690 2608 754 2639 cie.
779 2607 901 2639 Acadd.
927 2610 976 2647 11,
1006 2610 1052 2641 18.
1072 2621 1105 2651 p.
1129 2612 1193 2642 140.

508 2662 553 2699 (5)
574 2662 620 2692 De
643 2661 772 2701 Optimo
795 2661 929 2692 docendi
949 2672 1068 2703 genere.
