2743 3301
1408 274 1429 330 (
1459 275 1511 317 38
1539 277 1560 331 )

629 371 811 411 naturali
843 370 1102 426 colligatione
1133 375 1319 411 conserte
1346 376 1622 426 contexteque
1648 371 1767 414 fiunt.
1802 372 1927 424 Quod
1957 375 1991 415 si
2016 376 2071 415 ita
2100 385 2181 428 est,
2216 381 2353 421 omnia

630 441 848 481 necessitas
883 438 1020 479 efficit.
1062 438 1110 479 Id
1151 439 1186 480 si
1218 453 1364 480 verum
1407 447 1493 490 est,
1530 439 1637 481 nihil
1678 449 1740 483 est
1778 442 1821 483 in
1857 450 1992 484 nostra
2028 450 2244 500 potestate.
2282 449 2354 489 Est

633 518 772 551 autem
793 507 951 564 aliquid
971 509 1014 549 in
1034 516 1171 550 nostra
1197 517 1411 564 potestate.
1439 510 1515 560 At,
1546 511 1580 550 si
1606 511 1744 550 omnia
1766 510 1865 551 Fato
1891 512 2017 563 fiunt,
2048 514 2184 554 omnia
2203 518 2356 556 caussis

634 576 974 618 antecedentibus
1000 578 1131 629 fiunt3
1152 592 1238 617 non
1262 578 1392 633 igitur
1423 578 1523 619 Fato
1552 580 1680 630 fiunt,
1706 591 1983 636 quaec'umque
2002 582 2195 637 flunt(1).
2230 598 2253 624 »
2273 584 2354 626 Sed

632 647 720 688 haec
756 647 809 688 de
840 647 940 687 Fato
967 647 1190 698 hactenus,
1226 647 1424 686 continuo
1453 646 1696 687 accedamus
1727 648 1778 687 ad
1806 651 2073 702 quaestionem
2102 651 2152 690 de
2180 651 2354 693 Divina-

629 719 755 757 tione.

1415 862 1444 917 S
1495 863 1565 902 VI.

692 1010 755 1050 Ad
787 1009 1050 1049 divinationis
1076 978 1333 1062 {versionem
1365 1022 1407 1047 se
1434 1010 1651 1063 accingens
1684 1008 1933 1059 Carneades,
1963 1010 2052 1065 ejus
2083 1011 2353 1053 fundamenta

634 1081 818 1134 primum
844 1078 1093 1118 labefactare
1117 1076 1362 1126 conabatur,
1396 1075 1567 1128 docenS,
1599 1076 1759 1117 nullam
1791 1078 1830 1118 ei
1862 1077 1949 1119 dari
1975 1093 2090 1135 posse
2118 1082 2351 1133 materiam,

632 1150 675 1188 in
702 1163 785 1204 qua
815 1154 1016 1190 versetur.
1068 1145 1172 1187 Nam
1204 1160 1282 1185 nec
1316 1154 1376 1186 est
1403 1160 1547 1187 earum
1576 1161 1738 1197 rerum,
1772 1162 1865 1202 quae
1898 1148 2083 1189 sensibus
2110 1151 2353 1206 percipiun—

631 1225 722 1267 tur,
755 1229 834 1255 nec
872 1229 1040 1263 earum,
1079 1227 1172 1268 quae
1202 1212 1356 1253 artibus
1387 1214 1679 1266 continentur,
1727 1229 1806 1256 nec
1835 1229 1978 1257 earum
2012 1216 2217 1273 denique,
2262 1233 2355 1275 quae

633 1286 674 1325 in
702 1282 962 1339 philosophia
991 1290 1065 1322 aut
1090 1284 1132 1321 in
1160 1296 1205 1322 re
1234 1282 1398 1337 publica
1425 1291 1666 1325 tractantur.
1702 1284 1825 1326 Unde
1857 1300 2111 1343 consequens
2137 1296 2225 1329 erat
2253 1289 2355 1330 nul-

633 1354 767 1394 larum
797 1366 940 1393 rerum
971 1365 1057 1392 esse
1092 1350 1389 1393 divinationem
1411 1352 1486 1408 (2).
1525 1353 1689 1394 Novum
1722 1355 1846 1393 etiam
1873 1363 2169 1410 argumentum
2200 1356 2252 1396 ad
2278 1357 2353 1397 de—

634 1420 876 1462 bilitandam
908 1420 1174 1460 divinationis
1206 1419 1434 1459 doctrinam
1470 1433 1521 1460 ex
1556 1420 1604 1460 iis
1631 1420 1878 1474 arcessebat,
1920 1436 2013 1478 quae
2041 1431 2180 1465 contra
2205 1424 2354 1467 Fatum

631 1489 874 1549 protulerat.
912 1488 1097 1540 Etenim,
1133 1489 1226 1543 qui,
1262 1503 1356 1544 quae
1389 1489 1532 1530 futura
1560 1499 1678 1541 sunt,
1713 1505 1761 1531 ea
1800 1505 1895 1532 vera
1922 1505 2007 1531 esse
2041 1506 2093 1532 ex
2125 1494 2351 1534 aeternitate

633 1559 816 1610 dicebat,
844 1573 928 1598 non
957 1559 1056 1598 item
1083 1571 1248 1598 necesse
1274 1565 1362 1598 erat
1390 1557 1686 1598 divinationem
1712 1557 1998 1614 comprobare,
2024 1567 2149 1614 atque
2172 1561 2221 1600 iis
2238 1592 2250 1611 ,
2280 1562 2354 1615 qui

636 1630 773 1670 omnia
806 1628 892 1667 fato
924 1628 1011 1667 fieri
1042 1626 1290 1669 statuebant.
1325 1626 1611 1666 Contendebat
1645 1628 1809 1682 itaque,
1843 1640 1897 1666 ne
1927 1626 2160 1682 Apollinem
2184 1627 2353 1683 quidem

634 1699 778 1738 futura
813 1709 930 1750 posse
958 1694 1119 1745 dicere,
1156 1696 1234 1736 nisi
1265 1709 1336 1747 ea,
1369 1710 1549 1752 quorum
1583 1710 1742 1736 caussas
1770 1702 1917 1735 natura
1950 1696 2005 1735 ita
2037 1697 2265 1748 contineat,
2306 1705 2354 1737 ut

632 1782 681 1808 ea
711 1767 800 1807 fieri
834 1778 999 1805 necesse
1023 1771 1129 1804 esset
1154 1763 1229 1817 (3).

1347 1956 1359 1969 ,
1404 1921 1435 1977 ς)
1486 1921 1576 1960 vn.

691 2081 851 2122 Verum
880 2080 992 2121 enim
1021 2093 1118 2120 vero
1150 2094 1233 2119 non
1267 2079 1409 2136 majori
1440 2079 1679 2120 difficultate
1712 2078 1965 2119 Carneadem
1998 2079 2042 2118 in
2071 2078 2183 2119 hisce
2209 2078 2355 2136 dispu-

634 2150 857 2193 tationibus
889 2149 1112 2191 adversarii
1144 2147 1407 2205 premebant,
1456 2164 1581 2206 quam
1611 2148 1723 2206 quod
1747 2159 1901 2189 'earum
1934 2162 2074 2189 rerum
2109 2149 2192 2191 vita
2230 2149 2352 2205 plena

632 2228 757 2272 esset,
781 2234 961 2275 quarum
983 2217 1154 2274 quidem
1175 2220 1350 2274 quisque
1371 2227 1568 2260 eventum
1592 2217 1723 2267 videt,
1746 2232 1928 2259 caussam
1948 2224 2087 2258 tamen
2109 2218 2350 2273 exquirere,

632 2291 920 2344 rationemque
953 2287 1162 2343 explicare
1190 2302 1273 2327 non
1303 2289 1440 2342 possit.
1476 2287 1582 2329 Cum
1612 2295 1750 2328 autem
1782 2288 1936 2342 optime
1970 2287 2219 2342 perspiceret
2250 2286 2352 2327 Car-

632 2358 804 2409 neades,
837 2372 910 2398 sua
939 2358 1076 2413 ipsum
1104 2357 1242 2397 vineta
1275 2371 1499 2409 caesurum,
1533 2358 1565 2397 si
1593 2358 1637 2398 in
1667 2357 1730 2397 his
1756 2355 1879 2397 rebus
1905 2363 2096 2397 naturam
2128 2355 2351 2410 quamdam

710 2503 754 2540 (ι)
773 2501 838 2531 Cic.
861 2501 883 2529 Ι.
910 2500 932 2529 l.
954 2509 1023 2538 cap.
1051 2500 1096 2528 ¹4.

712 2551 756 2588 (ει)
775 2550 839 2579 Cic.
864 2549 901 2578 de
923 2549 1069 2578 Divinat.
1098 2550 1146 2584 11,
1174 2550 1202 2577 3.
1228 2558 1273 2588 aq.

710 2602 755 2641 (3)
775 2600 840 2630 Cic.
863 2600 900 2629 de
923 2600 1010 2629 Fato.
1036 2609 1104 2638 cap.
1134 2601 1180 2629 14.
