2743 3294
1119 304 1139 361 c
1171 305 1272 359 ³⁵)

340 411 492 447 meant.
532 404 656 455 Quod
688 404 720 443 si
748 415 795 442 ea
821 403 1046 448 intereant,
1073 412 1124 437 ex
1156 398 1308 452 quibus
1338 406 1495 438 constet
1522 414 1643 440 omne
1675 402 1847 452 animal,
1886 403 2048 443 nullum

340 481 401 514 est
426 472 576 513 animal
605 471 917 526 sempiternum.
955 468 1028 516 Et,
1060 474 1108 506 ut
1133 465 1221 505 haec
1248 466 1508 515 omittamus,
1545 475 1680 508 tamen
1706 470 1857 510 animal
1884 471 2048 511 nullum

340 544 517 585 inveniri
543 548 695 597 potest,
729 537 839 594 quod
865 550 1001 591 neque
1027 543 1173 575 natum
1198 549 1384 589 unquam
1411 536 1482 585 sit,
1512 544 1553 574 et
1578 551 1737 591 semper
1758 540 1808 577 sit
1834 540 2049 579 futurum:

339 625 461 652 omne
491 611 603 651 enim
637 605 788 648 animal
819 619 959 657 sensus
991 604 1139 645 habet:
1177 605 1300 645 sentit
1329 605 1456 661 igitur
1485 613 1527 645 et
1554 605 1704 657 calida,
1734 616 1775 648 et
1802 608 1976 665 frigida,
2010 619 2051 651 et

340 680 497 729 dulcia,
531 687 573 717 et
602 690 759 725 amara,
788 689 865 714 nec
896 682 1027 729 potest
1059 673 1143 713 ullo
1170 688 1291 713 seusu
1324 672 1505 726 jucunda
1535 677 1741 730 accipere,
1774 685 1815 716 et
1837 693 1919 717 non
1943 682 2052 719 acci—

340 762 439 805 pere
472 746 685 792 contraria.
731 744 773 783 Si
801 744 927 798 igitur
966 742 1184 797 voluptatis
1213 756 1376 782 sensum
1407 745 1537 796 capit,
1586 743 1733 784 doloris
1767 745 1890 785 etiam
1929 749 2049 802 capit.

341 815 466 867 Quod
497 823 634 856 autem
664 813 843 853 dolorem
877 811 1052 864 accipit,
1090 809 1133 848 id
1164 810 1338 863 accipiat
1369 810 1492 849 etiam
1530 812 1745 851 interitum
1780 827 1943 854 necesse
1978 824 2050 855 est.

342 885 477 925 Omne
498 884 625 939 igitur
648 880 819 930 animal,
841 878 1121 919 confitendum
1140 886 1220 929 est,
1241 892 1325 918 esse
1346 879 1528 918 mortale.
1554 880 1776 944 Praeoterea‚
1797 883 1829 921 si
1851 884 1950 937 quid
1973 893 2050 935 est,

342 952 453 1008 quod
479 966 556 991 nec
591 951 846 1003 voluptatem
872 949 1041 997 sentiat,
1074 962 1151 987 nec
1178 947 1380 997 dolorem,
1414 947 1455 987 id
1483 948 1633 987 animal
1667 964 1752 989 esse
1777 965 1859 990 non
1894 960 2052 1005 potest:

341 1023 404 1061 sin
432 1029 571 1061 autem
598 1016 710 1073 quod
736 1015 887 1056 animal
917 1024 1000 1066 est,
1033 1015 1076 1055 id
1104 1014 1173 1055 illa
1205 1029 1367 1055 necesse
1394 1023 1454 1055 est
1482 1017 1648 1056 sentiat:
1677 1026 1718 1057 et
1746 1019 1857 1073 quod
1886 1034 1931 1059 ea
1960 1036 2055 1060 sen-

341 1091 436 1140 tiat,
471 1103 554 1127 non
588 1094 720 1141 potest
750 1100 834 1125 esse
873 1093 1095 1124 aeternum:
1134 1093 1177 1124 et
1209 1098 1330 1128 omne
1366 1085 1518 1123 animal
1548 1087 1690 1125 sentit:
1733 1087 1897 1127 nullum
1927 1090 2054 1143 igitur

342 1156 494 1198 animal
524 1163 584 1195 est
615 1162 816 1195 aeternum
840 1152 913 1208 (1).
959 1154 1160 1193 Praeterea
1196 1152 1362 1192 nullum
1393 1160 1525 1207 potest
1558 1167 1642 1193 esse
1679 1155 1857 1206 animal,
1901 1157 1942 1195 in
1973 1172 2054 1211 quo

342 1239 427 1266 non
460 1232 502 1265 et
534 1224 729 1279 appetitio
759 1224 836 1273 sit,
877 1230 919 1262 et
951 1221 1169 1261 declinatio
1203 1219 1415 1261 naturalis.
1454 1222 1722 1276 Appetuntur
1758 1232 1922 1274 autem,
1963 1240 2055 1279 quae

342 1293 570 1334 secundum
597 1299 788 1331 naturam
815 1298 932 1341 sunt,
961 1289 1222 1331 declinantur
1255 1290 1457 1329 contraria
1479 1304 1486 1328 ε
1514 1298 1556 1329 et
1581 1305 1703 1330 omne
1727 1293 1876 1331 animal
1898 1294 2054 1348 appetit

344 1362 549 1417 quaedam,
579 1369 620 1399 et
642 1361 752 1414 fugit
777 1376 799 1399 a
826 1359 1084 1414 quibusdam.
1113 1358 1236 1408 Quod
1264 1366 1401 1398 autem
1425 1359 1601 1412 refugit,
1630 1360 1670 1398 id
1696 1368 1833 1398 contra
1862 1370 2054 1416 naturam

343 1436 425 1470 est:
460 1436 501 1469 et
525 1426 637 1484 quod
662 1435 721 1467 est
748 1435 886 1468 contra
913 1435 1123 1480 naturam,
1151 1427 1193 1468 id
1220 1426 1345 1472 habet
1372 1427 1455 1468 vim
1483 1428 1759 1469 interimendi.
1793 1429 1927 1471 Omne
1957 1446 2054 1486 ergo

344 1497 496 1538 animal
520 1498 696 1536 intereat
720 1509 884 1535 necesse
910 1503 983 1534 est.
1014 1496 1335 1536 Innumerabilia
1358 1504 1474 1543 sunt,
1504 1510 1554 1535 ex
1580 1496 1729 1550 quibus
1751 1497 1854 1536 effici
1882 1500 2057 1552 cogique

344 1567 492 1622 possit,
533 1563 639 1603 nihil
677 1577 787 1615 esse,
830 1562 940 1619 quod
976 1577 1140 1604 sensum
1177 1563 1345 1615 habeat,
1381 1564 1482 1619 quin
1510 1563 1551 1603 id
1580 1565 1769 1604 intereat.
1812 1565 1977 1605 Etenim
2010 1581 2056 1606 ea

344 1636 457 1690 ipsa,
497 1646 589 1688 quae
622 1632 887 1683 sentiuntur,
927 1639 976 1673 ut
1012 1632 1142 1688 frigus
1182 1639 1224 1672 et
1262 1631 1396 1684 calor,
1441 1639 1488 1672 ut
1532 1631 1720 1687 voluptas
1759 1640 1799 1672 et
1830 1632 1962 1685 dolor,
2008 1643 2055 1675 ut

346 1711 508 1752 cetera,
543 1714 640 1741 cum
674 1700 917 1755 amplificata
961 1709 1077 1751 sunt,
1112 1702 1373 1740 interimunt.
1406 1700 1493 1739 Nec
1530 1698 1664 1738 ullum
1697 1701 1846 1739 animal
1878 1710 1938 1740 est
1969 1704 2055 1742 sine

345 1784 489 1810 sensu:
528 1769 691 1809 nullum
736 1769 861 1823 igitur
907 1768 1059 1809 animal
1098 1776 1159 1807 est
1202 1777 1419 1808 aeternum.
1468 1768 1631 1805 Etenim
1677 1776 1749 1807 aut
1785 1770 1957 1824 simplex
1996 1779 2056 1810 est

346 1846 493 1879 natura
529 1838 771 1888 animantis,
820 1845 869 1877 ut
902 1837 968 1879 vel
1006 1845 1167 1877 terrena
1211 1838 1284 1887 sit,
1332 1835 1396 1877 vel
1433 1836 1575 1889 ignea,
1622 1835 1686 1875 vel
1730 1837 1943 1888 animalis,
1990 1838 2055 1878 vel

347 1905 544 1956 humida3
581 1905 691 1959 quod
723 1905 845 1959 quale
884 1906 936 1944 sit
972 1919 1025 1943 ne
1058 1903 1232 1957 intelligi
1270 1903 1439 1957 quidem
1479 1911 1634 1956 potest:
1679 1913 1751 1943 aut
1786 1914 1973 1945 concreta
2006 1921 2055 1946 ex

346 1972 534 2029 pluribus
566 1973 743 2024 naturis,
785 1987 961 2027 quarum
993 1986 1115 2011 suum
1145 1985 1321 2026 quaeque
1352 1971 1491 2012 locum
1520 1970 1692 2023 habeat,
1726 1988 1807 2028 quo
1835 1983 1993 2016 naturae
2017 1978 2057 2016 vi

347 2043 506 2085 feratur
521 2041 607 2096 (2):
632 2041 711 2081 alia
738 2042 927 2082 infimum
943 2071 954 2092 ‚
982 2040 1310 2092 alia.summum,
1339 2040 1416 2081 alia
1445 2039 1641 2080 medium.
1664 2041 1760 2081 Haec
1781 2043 1832 2083 ad
1853 2044 2059 2098 quoddam

348 2120 511 2166 tempus
548 2109 752 2151 cohaerere
785 2117 975 2165 possunt:
1007 2107 1170 2164 semper
1199 2116 1339 2149 autem
1374 2107 1489 2148 nullo
1521 2108 1641 2149 modo
1669 2118 1851 2163 possunt.
1887 2112 2058 2152 Necesse

426 2256 470 2292 (ι)
491 2254 541 2284 Ad
559 2255 625 2284 haec
643 2255 817 2283 accuratius
836 2254 1040 2294 intelligenda
1066 2259 1145 2282 recte
1168 2263 1224 2283 noa
1251 2254 1402 2283 amandat
1420 2254 1586 2283 Greuzerus
1606 2254 1645 2283 V.
1668 2254 1715 2283 cl.
1739 2254 1777 2283 ad
1805 2256 1934 2285 Sextum
1958 2257 2059 2296 Emp‘r

350 2305 449 2335 ricum
474 2305 547 2334 adv.
574 2305 726 2334 Mathem.
755 2306 813 2334 IX.
849 2305 865 2343 §
894 2306 948 2334 142
968 2323 985 2327 -
1012 2306 1065 2334 148
1097 2307 1151 2345 qui
1174 2311 1204 2334 et
1234 2306 1249 2343 §
1276 2307 1329 2333 140
1355 2307 1396 2334 sic
1428 2307 1539 2334 habet:
1572 2304 1784 2345 Περιποτέροις
1809 2305 1870 2346 γαὶρ
1893 2307 2062 2343 ιιιὶνθέσμς

348 2357 427 2396 ’ἔχει
459 2355 672 2396 δι’ίνθρωπος,
706 2355 837 2396 ipsium
864 2358 958 2388 αιῦτοῖἷ
985 2356 1158 2394 ’γενέσει-ιι.
1192 2354 1256 2388 δέον
1280 2357 1416 2395 poznan,
1451 2357 1487 2389 aig
1517 2355 1622 2393 ’ἔλεγεν
1647 2357 1660 2387 o'
1690 2355 1877 2397 Καρνεάδης,
1912 2352 1959 2390 οἷν
1992 2361 2063 2392 ταῖς

350 2407 468 2440 τέο-αις
494 2406 707 2446 ν’πιρχοᾶνιιις
733 2406 821 2438 πέντε
844 2407 972 2440 τάν-ναις
996 2407 1185 2446 αξιοι-θέσεσι,
1211 2407 1265 2437 καὶ
1289 2406 1387 2439 ἔλλις
1409 2409 1490 2448 adr?
1506 2406 1719 2446 περιτο-πέρας
1736 2411 1996 2448 προσ-μαρτυρεῖν,
2024 2409 2063 2441 ἵν’

349 2458 408 2502 '676³‘
431 2456 575 2488 xzeao'mr
602 2455 896 2496 ἐπιλαμβάιενθοιι
920 2457 1126 2497 πραγμάτων,
1159 2456 1241 2488 ἑλλοὶ
1265 2456 1308 2497 μὴ
1334 2458 1389 2488 ri,
1412 2456 1500 2490 πέντε
1525 2459 1679 2498 ἀφαιρεῖν.

429 2524 471 2560 (2)
494 2523 634 2550 Feratur
652 2532 708 2559 pro
731 2523 856 2561 vulgata
883 2522 1013 2551 lectione
1040 2523 1190 2559 efferatur
1209 2523 1341 2559 conjecit
1366 2522 1548 2550 Lambinus.
1576 2522 1666 2551 Hanc
1691 2525 1904 2559 conjecturam
1919 2548 1927 2557 ,
1961 2525 2063 2553 defen<

353 2574 447 2603 dente
469 2574 612 2608 Ernesto,
640 2573 671 2601 in
694 2578 814 2601 textum
834 2578 1011 2612 receperunt
1037 2572 1239 2601 Heindorflus
1259 2580 1287 2602 et
1309 2574 1488 2608 Creuzerus,
1515 2582 1608 2613 quam
1638 2583 1694 2603 nos
1715 2574 1810 2604 etiam
1835 2576 2064 2616 amplectimur.

356 2626 504 2657 Prnterea
527 2626 672 2656 Creuzero
694 2624 734 2655 V.
756 2625 820 2655 cel.
843 2625 1005 2665 legendum
1029 2636 1091 2656 esee
1115 2626 1259 2659 videtur,
1287 2637 1346 2665 quo
1369 2633 1491 2656 naturoe
1516 2637 1581 2656 suoe
1604 2630 1638 2656 vi
1652 2629 1790 2664 feratur
