2743 3301
1231 293 1359 351 (9)

414 400 664 450 habuerunt
695 410 789 442 mox
823 392 1012 437 studiosae
1037 390 1273 449 juventutis*
1299 402 1504 430 concursu
1534 394 1577 428 et
1607 384 1843 443 frequentia
1876 384 2145 428 celebratissi-

427 485 528 513 mas·
560 467 642 510 Sed
670 463 923 511 Carneadem
949 475 1086 504 unum
1111 460 1299 501 omnium
1324 458 1504 499 maxime
1534 456 1793 496 admirationi
1817 455 1967 507 fuisse,
1999 455 2148 497 docent

427 533 815 590 Plutarchiverbaz
845 530 1050 577 Μάλιστα
1084 528 1117 574 δ”
1130 530 1162 581 ’ἡ
1193 526 1418 585 Καρνεάδου
1451 524 1604 583 χάρις,
1635 522 1677 577 ἧς
1704 522 1871 579 δυνάμιος
1897 540 1945 567 τε
1973 526 2149 575 πλείστη

431 610 500 652 καὶ
529 606 635 658 ’δόξα
660 607 731 655 τῆς
762 601 966 657 δυνάμεως
996 602 1067 646 οὐκ,
1093 598 1357 651 ἀποδέουσα,
1383 594 1575 652 μεγάλων
1603 593 1880 647 ἐπιλαβομένη
1906 596 1974 637 καὶ
1999 598 2148 647 Φιλαν-

432 675 586 733 θρῶτων
623 672 913 728 ἀκροατηρίων,
953 671 1002 716 ὥς
1039 673 1199 722 πνεῦμα
1233 668 1301 719 τὴν
1338 665 1453 709 πόλιν
1490 664 1602 719 ἠχῆς
1638 660 1842 711 ἐνέπλησε.
1904 663 1980 704 Ka)
2026 662 2148 717 λόγος

434 746 645 799 κατεῖχεν,
671 742 719 786 ὡς
749 739 839 795 ἀνὴρ
866 738 1005 789 Ἑλλῆν
1036 738 1088 782 εἷς
1115 736 1304 786 ἔκπληξιν
1326 733 1527 788 ὑπερφυὴς
1556 730 1699 773 πάντα
1732 733 1854 779 κηλῶν
1886 745 1951 771 και
1987 734 2150 785 χειρού-

435 830 577 869 μενος,
612 812 738 866 ἐ’ρωτοι
762 807 879 852 δεινὸν
910 805 1148 861 ἐμβέβληκε
1185 806 1268 849 τοῖς
1308 802 1431 853 νέοις,
1468 802 1537 853 ὑφ’
1574 796 1620 841 οὖ
1649 802 1722 841 τῶν
1756 800 1887 841 ἄλλων
1918 795 2054 848 ἡδονῶν
2085 801 2152 841 καὶ

436 879 647 937 διατριβῶν
679 876 917 922 ἑκτέα-οντες
953 872 1178 918 ἐνθουσιῶσι
1209 872 1299 926 περ)
1332 869 1585 925 φιλοσοφίαν
1609 866 1683 921 (1).
1720 865 1802 906 Sed
1832 880 1928 907 cum
1967 866 2155 907 omnium

437 951 593 991 animos
606 945 839 1003 eloquentia
860 943 966 984 adse
979 947 1164 997 raperet,
1185 939 1382 979 Catonem
1395 938 1565 989 terruit,
1585 937 1811 992 praesertim
1828 934 2007 991 justitia,
2029 949 2156 990 quam

439 1018 574 1075 pridie
593 1014 853 1064 laudaverat,
880 1010 1082 1052 contraria
1100 1008 1376 1063 disputatione
1398 1005 1579 1057 sublata3
1603 1005 1660 1044 ita
1677 1011 1728 1045 ut
1743 1017 1909 1045 severus
1931 1003 2000 1046 vel
2019 1004 2157 1059 potius

439 1086 677 1128 ambitiosus
694 1083 772 1123 iste
798 1094 941 1122 censor
964 1077 1125 1119 senatui
1148 1084 1291 1118 auctor
1313 1082 1438 1126 esset,
1469 1081 1519 1115 ut
1542 1073 1595 1114 de
1618 1072 1823 1128 legatione
1849 1072 2046 1113 continuo
2062 1077 2157 1113 'ata-

442 1159 651 1201 tueretur,
683 1146 1001 1205 philosophique
1032 1136 1203 1185 honeste
1233 1142 1286 1183 ab
1312 1141 1416 1182 urbe
1446 1141 1753 1197 ablegarentur,
1796 1152 1850 1178 ne
1880 1138 2077 1194 juventus
2107 1139 2160 1178 ad

441 1222 607 1263 Graecas
632 1216 864 1272 disciplinas
891 1228 1014 1256 omne
1044 1211 1230 1254 studium
1256 1208 1519 1261 convertens,
1556 1208 1667 1264 leges
1705 1208 1977 1263 institutaque
2017 1208 2160 1263 patriae

444 1287 685 1345 negligeret.
704 1279 898 1324 JProfecti
923 1287 1020 1323 sunt
1047 1281 1188 1336 itaque
1218 1277 1472 1335 philosophi,
1510 1276 1582 1316 sed
1604 1290 1699 1332 quae
1729 1275 1780 1315 ab
1806 1276 1903 1331 ipsis
1924 1276 2157 1331 praecipue-

447 1371 529 1413 que
558 1370 581 1395 a
612 1352 821 1394 Carneade
850 1350 1002 1408 injecta
1028 1356 1147 1390 erant
1174 1348 1444 1404 philosophiae
1475 1347 1629 1387 semina
1643 1376 1653 1396 ,
1689 1344 1805 1389 brevi
1834 1346 1880 1385 in
1911 1344 2024 1385 felici
2053 1345 2162 1385 Latii

450 1424 534 1467 solo
563 1421 859 1481 germinantia,
890 1418 1120 1462 uberrimos
1140 1417 1304 1460 fructus
1336 1414 1599 1473 protulerunt
1622 1412 1697 1469 (2).

1242 1597 1365 1653 ἓν.

513 1780 694 1832 Athenas
710 1791 897 1820 reversus
918 1773 1146 1817 Carneades
1165 1774 1256 1829 pari
1274 1772 1399 1813 laude
1419 1773 1465 1812 in
1489 1770 1708 1812 Academia
1728 1769 1885 1819 docuit,
1905 1769 2168 1809 innumeras-

458 1863 541 1907 que
565 1847 753 1892 victorias
779 1845 831 1887 de
853 1844 1095 1902 dogmaticis
1118 1842 1355 1899 reportavit.
1388 1841 1651 1896 Antipatrum
1677 1845 1818 1878 autem
1842 1836 2027 1877 Stoicum
2051 1850 2171 1877 acer-

459 1920 614 1960 rimum
644 1923 790 1956 nactus
817 1921 878 1955 est
908 1912 1210 1963 adversarium,
1253 1910 1324 1951 sed
1356 1924 1442 1950 non
1470 1909 1571 1949 item
1608 1906 1907 1948 felicissimum.
1947 1905 2026 1946 Hic
2058 1906 2171 1946 enim

454 1992 653 2027 narrante
689 1983 898 2026 Numenio
926 1981 1010 2037 (3),
1057 1979 1110 2021 ad
1139 1993 1207 2021 eas
1236 1978 1555 2034 disputationes,
1590 1989 1693 2032 quas
1722 1989 1747 2015 a
1783 1972 1993 2015 Carneade
2029 1972 2174 2015 haberi

463 2052 647 2111 quotidie
687 2050 903 2101 audiebat,
944 2061 1161 2104 nunquam
1198 2049 1244 2088 in
1280 2047 1418 2088 lucem
1458 2060 1505 2086 ac
1539 2043 1755 2101 publicum
1793 2042 1947 2098 prodiit
1960 2072 1972 2094 ,
2008 2055 2093 2082 non
2129 2043 2175 2081 in

463 2122 621 2173 schola,
648 2136 731 2161 non
752 2122 797 2160 in
823 2117 1152 2159 deambulatione
1172 2116 1308 2157 ullum
1327 2128 1514 2171 unquam
1532 2111 1706 2155 verbum
1719 2127 1742 2151 a
1757 2124 1966 2166 quoquam
1988 2108 2175 2164 proferre

464 2191 631 2235 auditus
648 2197 727 2243 est3
755 2187 913 2244 scriptis
937 2184 1070 2229 solum
1095 2184 1342 2244 quibusdam
1360 2183 1482 2227 illum
1505 2177 1719 2225 confutare
1739 2177 1948 2231 studebat,
1977 2176 2177 2220 latebras-

613 2360 651 2388 ln
671 2357 739 2387 Cat.
797 2357 839 2385 a'.
886 2377 893 2384 .
913 2356 930 2385 3
973 2376 981 2384 .
1003 2354 1039 2384 E.
1094 2362 1096 2364 ’

548 2359 593 2450 ((13))
614 2409 740 2441 Veteres
759 2355 989 2448 ffiaelcililiougge
1006 2415 1046 2436 ex
1063 2404 1302 2442 recentioribuu,
1329 2402 1385 2444 qui
1403 2402 1441 2431 de
1459 2401 1518 2431 hac
1537 2398 1691 2440 legatione
1711 2401 1858 2437 egerunt,
1882 2395 1971 2425 dabit
1990 2395 2182 2425 clarissimus

472 2461 646 2503 Lyndenus
669 2460 704 2490 in
723 2459 883 2498 Disputat.
907 2457 945 2487 de
964 2456 1104 2487 Fannio
1122 2466 1153 2496 p.
1177 2457 1225 2486 30.
1248 2455 1369 2495 Quibus
1392 2453 1472 2484 adde
1491 2451 1531 2482 A.
1555 2450 1696 2481 Gellium
1713 2448 1755 2479 N.
1775 2448 1815 2478 A.
1833 2447 1892 2478 lib,
1914 2447 2025 2478 XVII.
2045 2457 2113 2487 cap.
2133 2458 2181 2477 αι.

475 2513 569 2545 Viros
587 2510 694 2542 doctos
711 2509 751 2540 ad
767 2508 886 2540 AElian.
907 2507 949 2539 V.
969 2506 1012 2538 Η.
1031 2506 1090 2537 lib.
1109 2507 1170 2536 111.
1191 2515 1258 2546 cap.
1282 2515 1330 2545 ¹7·
1351 2509 1384 2535 et
1402 2502 1541 2535 Conradi
1559 2502 1600 2532 ad
1621 2500 1760 2531 Genium
1778 2500 1860 2537 VH,
1885 2499 1933 2528 14.

554 2564 597 2602 (3)
618 2561 713 2600 Apud
731 2559 899 2591 Eusebium
915 2558 1085 2597 Praepmt.
1107 2557 1228 2597 Evang.
1249 2556 1307 2586 lib.
1329 2556 1421 2586 XIV.
1441 2565 1510 2593 cap.
1530 2554 1560 2583 8.
1578 2563 1610 2592 p.
1630 2552 1687 2592 738
1701 2551 1737 2581 C.
1753 2549 1850 2581 conff.
1866 2550 1932 2581 Cic.
1954 2548 2076 2580 Acadd.
2093 2549 2141 2584 11,
2154 2548 2184 2577 6.

476 2612 600 2644 Nouius
620 2612 653 2642 in
671 2620 740 2643 voc.
759 2609 966 2666 Digladfari,
988 2613 1020 2639 et
1035 2606 1223 2639 Plutarchus
1242 2605 1366 2638 advers.
1387 2605 1522 2640 Stoicen,
1535 2613 1568 2643 p.
1589 2611 1662 2640 ¹⁰7²
1678 2601 1714 2631 F.

1737 2667 1761 2694 2
