2743 3301
1387 283 1407 336 (
1442 296 1488 322 ω
1519 282 1540 338 )

593 382 775 424 timoniis
799 380 874 436 (1).
908 379 1022 419 Inter
1049 384 1206 419 ceteros
1233 391 1332 418 vero
1363 378 1545 424 maxime
1574 378 1754 419 eminuit
1778 378 2082 431 Clitomachus,
2108 381 2181 436 qui
2207 387 2322 436 post·-

595 459 720 508 qu'am
757 463 809 490 ex
836 446 976 489 Africa
992 479 1004 500 ,
1038 446 1112 489 ubi
1145 455 1267 488 natus
1295 446 1414 499 erat,
1464 447 1660 490 Athenas
1680 442 1926 504 appulisset,
1961 446 2173 490 Carneadi
2194 463 2237 490 se
2275 450 2319 490 in

593 516 850 573 dndpljnam
868 545 872 550 »
888 515 1030 566 dedit,
1067 515 1119 556 ab
1156 529 1291 570 eoque
1327 516 1492 557 Graecos
1525 530 1657 558 mores
1683 517 1853 559 edoctus
1878 517 1944 558 'est
1968 516 2044 572 (2).
2084 513 2181 557 Post
2210 533 2319 573 prae-

594 586 771 642 ceptoris
787 582 978 626 *mortem
1007 591 1147 625 autem
1174 584 1213 624 ei
1231 583 1275 623 in
1301 583 1438 625 schola
1466 585 1683 636 successit,
1711 585 2024 642 doctrinamque
2049 584 2178 627 literis
2200 584 2322 629 illus-

594 655 721 696 travit
750 653 826 707 (3).
862 652 1166 694 Clitomachum
1190 666 1212 691 a
1238 651 1426 707 Diogene
1451 652 1615 693 Laertio
1643 652 1746 694 non?
1754 655 1834 695 nisi
1855 654 2002 696 leviter
2027 659 2321 705 memoratum,

596 723 777 763 collectis
803 730 992 762 veterum
1019 721 1175 761 notitiis
1206 720 1257 760 ab
1284 719 1490 760 oblivione
1520 728 1563 760 et
1594 721 1852 775 ignobilitate
1884 722 2109 763 vindicavit
2135 721 2320 777 Heynius

596 791 650 832 V.
679 790 741 831 Cl.
769 791 814 831 in
842 789 1198 831 Commentatione
1227 788 1278 829 de
1301 787 1545 844 philosopho
1571 788 1840 830 Clitomacho.
1874 789 1891 844 (
1905 790 1952 830 ln
1971 790 2192 831 memoriis
2213 791 2321 831 Aca-

598 860 746 900 demiae
772 859 1048 899 Berolinensis
1072 873 1167 898 ann.
1199 858 1352 911 1748.)

652 927 750 968 Fuit
769 935 812 967 et
836 928 946 967 inter
970 925 1060 982 ejus
1084 925 1304 980 discipulos
1329 922 1493 967 Mentor
1514 926 1741 983 Bithynus,
1768 941 1896 983 quem
1923 927 2094 967 forsitan
2116 928 2161 967 in
2181 927 2318 968 schola

596 1009 870 1037 successorem
895 994 1119 1035 relicturus
1139 1002 1247 1045 erat,
1276 995 1356 1035 nisi
1375 1009 1479 1036 cum
1505 994 1655 1050 pellice
1679 1010 1754 1037 sua
1780 1003 1995 1052 repertum
2016 995 2215 1053 ejecisset.
2245 996 2322 1037 Hic

596 1079 647 1105 ex
676 1064 895 1104 Academia
924 1062 1141 1118 expulsuS‚
1180 1069 1349 1118 propter
1385 1064 1466 1104 iras
1497 1063 1596 1105 inde
1629 1059 1847 1121 conceptas
1875 1063 2321 1121 magistrvdootrinam

600 1129 858 1189 oppugnavit
879 1132 956 1187 (4).
2148 1136 2151 1141 '

658 1202 787 1253 Alios,
812 1202 886 1256 qui
918 1201 1127 1241 Carneade
1154 1200 1318 1241 doctore
1341 1200 1405 1239 usi
1431 1207 1551 1249 sunt,
1576 1207 1777 1239 memorat
1797 1200 1960 1240 Cicero:
1991 1215 2015 1240 ))
2034 1214 2059 1240 e
2084 1199 2236 1255 quibus
2257 1200 2325 1239 in—

599 1270 767 1309 dustriae
803 1269 1035 1324 plurimum
1073 1270 1116 1308 in
1165 1267 1416 1308 Clitomacho
1455 1267 1561 1308 fuit:
1607 1267 1788 1308 declarat
1829 1267 2055 1309 multitudo
2099 1267 2323 1308 librorum:

602 1337 758 1394 ingenii
788 1352 872 1378 non
900 1338 1039 1378 minus
1070 1337 1115 1377 in
1143 1336 1356 1387 AEschine‚
1387 1336 1431 1376 in
1456 1334 1684 1377 Charmada
1711 1335 1977 1393 eloquentiae,
2013 1337 2058 1376 in
2098 1335 2324 1376 Melanthio

601 1406 760 1446 Rhodio
787 1406 1010 1447 suavitatis.
1040 1405 1155 1444 Bene
1181 1413 1322 1445 autem
1341 1418 1457 1444 nosse
1483 1404 1759 1456 Carneadem,
1779 1405 2057 1445 Stratoniceus
2070 1404 2326 1444 Metrodorus

602 1472 854 1528 putabatur”
882 1473 958 1527 (5).

660 1541 812 1582 Multos
841 1542 967 1582 etiam
993 1555 1016 1582 e
1048 1541 1238 1581 Romanis
1261 1532 1369 1606 funi
1403 1549 1573 1583 nactum
1600 1556 1685 1583 esse
1712 1541 1937 1598 auditores,
1966 1549 2140 1583 testatur
2164 1541 2330 1581 Crassus

603 1611 715 1667 apud
748 1610 942 1651 eumdem
969 1610 1229 1662 Ciceronem,
1259 1609 1351 1661 ubi,
1380 1609 1431 1650 de
1448 1610 1673 1651 -Carneade
1698 1610 1883 1662 locutus,
1911 1610 2024 1651 addit
2064 1626 2088 1650 ))
2104 1609 2233 1665 Cujus
2254 1623 2330 1665 ego

601 1681 676 1720 etsi
707 1679 862 1719 multos
893 1678 1098 1719 auditores
1129 1680 1301 1734 cognovi
1330 1679 1542 1731 Athenis,-
1563 1687 1704 1719 tamen
1739 1686 1926 1719 auctores
1958 1678 2201 1718 certissimos
2234 1677 2330 1717 lau-

603 1748 700 1787 dare
732 1761 926 1802 possum,
973 1754 1016 1786 et
1049 1760 1237 1786 socerum
1277 1760 1418 1786 meum
1455 1747 1706 1797 Scaevolam,
1749 1748 1823 1801 qui
1859 1761 1957 1787 eum
1993 1747 2132 1786 Romae
2169 1745 2330 1787 audivit

603 1815 856 1858 adolescens.
877 1822 920 1855 et
946 1814 1000 1865 Q.
1028 1813 1245 1855 Metellum
1264 1815 1312 1853 L.
1336 1814 1368 1853 F
1373 1844 1404 1865 .,
1426 1814 1672 1856 familiarem
1689 1829 1855 1865 meum,
1874 1814 2147 1855 clarissimum
2167 1814 2328 1865 virum,

603 1884 676 1939 qui
709 1882 831 1922 illum
864 1896 887 1921 a
916 1895 958 1921 se
984 1881 1241 1921 adolescente
1273 1873 1447 1921 Athenis
1473 1881 1557 1938 jam
1583 1882 1780 1922 affectum
1810 1890 2022 1924 senectute
2058 1882 2208 1923 inultos
2244 1882 2329 1923 dies

607 1950 798 1993 auditum
826 1964 912 1992 esse
938 1948 1121 1991 dicebat”
1148 1951 1223 2007 (6).

681 2115 724 2153 (i)
746 2115 822 2145 vid.
847 2114 941 2154 Diog.
961 2115 1067 2144 La'e'rt.
1091 2113 1149 2150 1v,
1175 2114 1223 2142 66.
1251 2113 1314 2143 Cic.
1338 2114 1406 2143 loco
1428 2124 1504 2144 mox
1528 2114 1729 2153 proferendo.

681 2168 724 2206 (2)
744 2167 935 2197 Plutarchus
954 2166 992 2198 de
1016 2166 1156 2196 Fortuna
1177 2164 1369 2203 Alexandri,
1392 2175 1425 2205 p.
1447 2167 1505 2196 323
1522 2166 1564 2196 D.
1588 2166 1668 2197 adde
1690 2165 1785 2205 Diog.
1811 2165 1916 2196 Latin.
1942 2164 2000 2203 IV,
2023 2165 2072 2203 67.

680 2219 723 2256 (3)
744 2218 937 2249 Carneadem
954 2217 1056 2254 enim,
1087 2216 1355 2247 nobilissimorum
1380 2217 1659 2258 philosophorum,
1679 2217 1883 2257 Pythagora,
1902 2217 2053 2255 Socratis,
2079 2216 2214 2247 Acusilas
2228 2225 2333 2248 exem-

600 2269 654 2309 pla
677 2274 835 2306 secutum,
859 2268 946 2300 nihil
964 2267 1066 2299 literis
1089 2267 1304 2305 mandavisse,
1335 2273 1424 2298 testes
1443 2268 1682 2309 locupletissimi
1699 2274 1773 2300 sunt
1790 2267 1978 2300 Plutarchus
1998 2267 2021 2298 1.
2042 2268 2066 2298 l.
2088 2278 2121 2308 p.
2139 2268 2209 2298 323.
2232 2268 2273 2298 A.
2295 2268 2332 2298 B.

603 2327 632 2351 et
652 2322 798 2351 Lae'rtius
817 2321 877 2358 IV,
900 2321 957 2355 65,
979 2326 1073 2359 atque
1092 2320 1205 2350 iterum
1225 2320 1258 2350 in
1279 2321 1430 2360 prooemio
1455 2331 1549 2362 segm.
1579 2322 1626 2351 16.

679 2372 721 2409 (4)
744 2372 836 2412 Diog.
859 2371 966 2401 Lae'rt.
986 2371 1046 2408 IV,
1066 2371 1104 2400 63
1118 2381 1164 2411 sq.
1188 2371 1365 2402 Numenius
1381 2372 1466 2412 apud
1486 2373 1655 2403 Eusebium
1672 2372 1842 2412 Praeparat.
1866 2372 1987 2411 Evaug.
2008 2371 2066 2401 lib.
2086 2371 2179 2402 XIV.
2203 2380 2272 2410 cap.
2297 2371 2327 2400 8.

606 2434 636 2462 p.
663 2424 729 2462 758.
751 2423 791 2453 D.

681 2476 724 2513 (5)
744 2475 865 2509 Acadd.
888 2477 938 2512 11,
960 2474 990 2504 6.
1006 2472 1092 2504 conf.
1114 2473 1152 2504 de
1170 2473 1259 2504 Orat.
1279 2476 1310 2511 1,
1336 2486 1388 2510 ιι,
1415 2475 1469 2505 ubi
1488 2475 1562 2505 vide
1583 2475 1779 2512 Harlesium,
1800 2485 1833 2514 p.
1857 2476 1895 2513 57
1917 2479 1949 2504 et
1960 2474 2046 2504 abeo
2059 2473 2226 2504 laudatum
2241 2472 2332 2504 Pria.

603 2526 673 2553 Car.
691 2525 795 2555 Wolf.
815 2526 854 2554 ad
875 2525 1049 2556 versionem
1069 2524 1176 2554 Germ.
1192 2536 1198 2553 ι
1218 2524 1283 2554 Cic.
1303 2524 1375 2554 libr.
1399 2526 1437 2556 de
1455 2532 1534 2555 orat.
1552 2536 1585 2565 p.
1604 2527 1679 2566 459,
1701 2526 1757 2566 qui
1777 2526 1901 2556 uberius
1920 2526 1959 2556 de
1971 2526 2038 2556 istis
2051 2523 2248 2565 philosophis
2267 2524 2334 2556 dis·

602 2575 740 2617 putavit.
762 2575 853 2605 Couf.
878 2576 973 2606 etiam
988 2576 1110 2606 Fabric.
1132 2575 1166 2605 in
1187 2575 1319 2616 catalog.
1340 2575 1577 2608 Platonicorum
1597 2576 1680 2607 Bibl.
1706 2586 1753 2618 gr.
1774 2581 1798 2607 t.
1820 2578 1882 2608 111.
1902 2577 1952 2608 ed.
1976 2577 2101 2608 Harles-

683 2628 726 2666 (6)
749 2628 795 2656 De
815 2633 894 2657 orat.
917 2629 985 2662 111,
1013 2628 1060 2657 18.
1082 2627 1188 2667 ibique
1211 2628 1335 2658 Harles.
1358 2637 1390 2666 p.
1412 2629 1484 2666 493.

2645 1124 2743 1146 “⁶-
