2743 3301
1251 257 1406 314 (¹⁵)

527 364 717 406 Amicitia
743 374 909 420 quoque
936 358 1174 417 principum
1201 356 1388 399 virorum
1413 366 1644 410 regumque
1677 349 1861 393 floruisse
1888 348 2066 391 videtur.
2097 348 2187 390 Me-

472 443 686 477 morantur
715 434 828 476 enim
853 431 944 489 ejus
971 427 1153 486 epistolae
1177 425 1230 467 ad
1257 423 1537 475 Ariarathem,
1566 420 1833 478 Cappadociae
1863 433 2005 475 regem
2034 418 2108 472 (1).

530 505 690 555 Restat,
711 511 763 544 ut
785 501 876 559 ejus
898 497 1161 554 cognomines
1184 508 1493 545 recenseamus,
1518 506 1697 549 quorum
1723 500 1805 532 tres
1833 489 1885 530 ad
1911 495 2092 529 nostram
2115 501 2191 527 no-

474 574 609 614 titiam
630 575 935 629 pervenerunt:
962 564 1213 616 Carneades,
1236 561 1505 619 philosophus
1525 560 1722 617 Cynicus,
1744 573 1825 599 non
1851 556 2060 598 inceleber
2083 562 2192 595 tem-

476 640 644 698 poribus
674 636 881 694 Apollonii
908 634 1119 691 Tyanaeei,
1149 632 1201 674 de
1220 647 1305 689 quo
1324 630 1539 687 Eunapius
1558 631 1602 671 in
1625 630 1824 686 prooemio
1847 627 1931 682 (2):
1963 624 2193 667 Carneades

478 710 730 762 Anaxagorae
754 704 1001 760 discipuluS,
1033 710 1282 744 memoratus
1311 701 1448 743 Suidae
1473 700 1556 755 (3):
1590 707 1632 739 et
1655 697 1861 739 Carnades
1883 695 2078 736 obscurus
2105 694 2194 734 ele-

480 778 642 832 giarum
672 774 861 829 scriptor,
893 785 1019 828 quem
1050 778 1099 811 ut
1124 769 1412 824 cognominem
1433 766 1651 806 Carneadis
1677 765 1810 805 solum
1841 763 2037 803 indicavit
2067 764 2195 801 Laer-

481 846 562 886 tius
592 844 667 899 (4)-

479 930 2186 956 ——--—--—-———-——————--———--—

560 1005 602 1045 (1)
625 1007 715 1046 Diog.
742 1006 848 1035 Lae'rt.
872 1003 929 1040 1V,
954 1003 1003 1033 65.

560 1060 602 1098 (2)
623 1058 660 1089 P.
685 1059 713 1087 3.
736 1056 785 1087 ed.
810 1053 994 1085 Boiuonad.

562 1112 604 1149 (3)
626 1111 665 1139 In
686 1118 754 1139 voe.
771 1113 860 1147 Kapu-
884 1111 907 1135 t.
933 1106 977 1135 11.
1000 1114 1030 1143 p.
1050 1102 1118 1134 246.
1142 1102 1236 1132 Kust.

563 1162 605 1199 (4)
627 1160 685 1189 IV.
703 1160 751 1189 66.
772 1174 810 1181 —
835 1158 882 1187 De
900 1156 1051 1187 Carnead.
1074 1160 1178 1185 autem
1197 1152 1327 1192 Epicuri
1350 1150 1576 1190 perfamiliari,
1602 1154 1637 1178 ut
1665 1156 1826 1187 perperam
1856 1146 2002 1185 vulgatur
2029 1144 2111 1182 apud
2136 1144 2199 1172 Cic.

486 1212 522 1242 de
542 1211 645 1241 Finib.
668 1211 709 1245 V,
728 1211 799 1247 31„
824 1207 955 1240 videndi
975 1212 1049 1237 aunt
1066 1204 1128 1237 viri
1152 1204 1236 1235 docti
1253 1203 1343 1234 citati
1365 1203 1403 1233 ab
1426 1200 1568 1233 Harleeio
1592 1200 1631 1229 ad
1652 1198 1771 1228 Fabric.
1794 1198 1875 1227 Bibl.
1895 1206 1940 1236 gr.
1961 1201 1981 1225 ι.
2002 1197 2060 1224 111.
2081 1204 2111 1232 p.
2135 1182 2201 1221 166?
