2743 3294
936 313 965 360 f
1151 294 1173 349 (
1200 296 1253 347 43
1285 294 1306 349 )

370 391 546 448 intelligi
569 398 703 448 potest
727 404 779 431 ex
802 369 1032 439 Lactsssitim
1063 387 1183 443 cujus
1212 388 1297 429 hue
1322 390 1581 444 proferemus
1607 391 1834 448 judicium:
1866 406 1890 432 ))
1906 394 2085 447 Arguta,

371 461 533 517 inquit,
568 459 659 500 haec
692 457 815 515 plane
847 465 889 499 et
927 464 1129 499 venenata
1156 464 1278 509 sunt,
1315 465 1357 498 et
1387 474 1479 515 quae
1506 460 1561 501 M.
1593 461 1755 502 Tullius
1786 476 1868 502 non
1905 464 2088 517 potuerit

371 530 576 572 refellere.
606 528 714 570 Nam
742 543 838 570 cum
865 528 989 568 faciat
1014 526 1187 568 Laelium
1219 527 1343 568 Furio
1371 529 1707 585 respondentem,
1747 547 1821 587 pro
1845 531 2085 588 justitiaque

371 599 599 648 dicentem,
614 596 830 638 irrefutata
851 596 961 647 haec,
983 603 1180 651 tanquam
1199 597 1383 649 foveam,
1403 607 1712 654 praetergressus
1729 600 1829 640 est.'’
1845 601 1917 654 (1).
1938 601 2084 655 Neque

369 681 468 709 vcro
499 667 578 706 hoc
605 666 694 706 loco
721 673 909 720 repetere
935 665 1102 717 attinet,
1137 665 1249 720 quod
1279 681 1401 722 supra
1432 669 1694 720 monuimus,
1723 668 1878 710 scilicet
1902 669 2083 710 Carnea-

369 734 465 780 dem
491 732 651 774 nullam
679 733 724 773 in
748 732 1006 789 philosophia
1028 735 1284 774 constituisse
1309 738 1576 787 sententiam,
1603 739 1744 792 itaque
1770 753 1854 777 non
1881 737 2084 793 injustum

370 805 581 846 hominem
614 817 700 843 esse
727 802 982 858 putandum,
1015 802 1127 857 quod
1157 801 1324 858 justitiae
1348 817 1390 843 se
1422 803 1646 858 praebuerit
1666 805 1944 847 adversarium
1973 805 2048 860 (2)

1148 985 1281 1040 SV.

420 1148 493 1188 His
532 1147 647 1202 quasi
679 1145 730 1187 ad
759 1146 838 1186 loci
868 1145 1201 1187 constitutionem
1240 1148 1511 1202 praemonitiS,
1544 1146 1626 1204 jam
1659 1147 1954 1203 exponendum
1985 1156 2070 1199 est,

368 1229 493 1271 quam
520 1215 628 1256 viam
651 1215 813 1265 inierit,
840 1227 1025 1269 quasque
1051 1215 1227 1255 rationes
1252 1216 1459 1266 attulerit,
1490 1225 1539 1257 ut
1565 1217 1628 1266 id,
1657 1217 1769 1271 quod
1794 1218 1945 1267 voluit,
1975 1232 2083 1258 asse-

367 1292 579 1340 queretur.
631 1285 819 1324 Primum
863 1282 1031 1338 quidem
1070 1283 1256 1335 dicebat,
1302 1283 1393 1340 jura
1441 1284 1517 1325 sibi
1558 1284 1744 1325 homines
1782 1300 1856 1340 pro
1904 1285 2080 1325 utilitate

367 1353 570 1403 sanxisse,
614 1352 726 1393 varia
760 1352 899 1407 itaque
937 1366 1011 1407 pro
1043 1351 1252 1403 moribus,
1296 1360 1339 1392 et
1374 1353 1486 1408 apud
1520 1353 1681 1393 eosdem
1718 1368 1791 1408 pro
1828 1353 2081 1408 temporibus

367 1435 476 1477 saepe
500 1427 692 1470 mutata,
732 1419 797 1477 jus
830 1427 971 1459 autem
1005 1419 1194 1459 naturale
1225 1434 1310 1460 esse
1346 1420 1511 1461 nullum
1543 1422 1628 1476 (3);
1667 1437 1762 1462 nam
1795 1423 1826 1461 si
1861 1429 1990 1472 esset,
2032 1429 2081 1462 ut

368 1490 496 1532 calida
520 1498 563 1531 et
583 1489 754 1545 frigida,
782 1497 831 1529 ut
861 1503 996 1529 amara
1029 1496 1071 1529 et
1102 1488 1263 1540 dulcia,
1294 1489 1351 1528 sic
1382 1496 1515 1529 essent
1544 1488 1650 1547 justa
1680 1498 1721 1530 et
1753 1488 1906 1546 injusta
1934 1489 2079 1530 eadem

366 1558 557 1600 omnibus
577 1559 652 1614 (4).
674 1557 799 1608 Quod
825 1558 946 1597 etiam
968 1559 1053 1612 ipsa
1069 1587 1079 1607 ,
1105 1571 1198 1611 quae
1217 1558 1428 1597 invenitur
1444 1560 1486 1597 in
1502 1558 1661 1613 legibus
1675 1590 1685 1609 ,
1707 1560 1905 1599 varietate
1918 1574 2002 1598 non
2018 1558 2079 1598 le-

365 1631 470 1670 viter
490 1629 722 1668 confirmari
739 1626 922 1682 putabat.
939 1626 1073 1683 Hujus
1090 1629 1217 1681 igitur
1228 1626 1439 1667 sententiae
1452 1627 1654 1682 interpres
1672 1626 1844 1677 Furius,
1868 1625 2051 1675 »Quaero
2065 1657 2075 1677 ,

366 1698 522 1752 inquit,
558 1697 591 1735 si
619 1695 717 1752 justi
748 1695 925 1734 hominis
958 1702 1000 1734 et
1031 1695 1063 1733 si
1091 1693 1187 1732 boni
1219 1702 1279 1733 est
1306 1695 1384 1735 viri
1415 1707 1560 1747 parere
1594 1693 1779 1747 legibus,
1810 1693 1992 1747 quibus?
2024 1709 2075 1732 an

365 1778 641 1820 quaecumque
667 1762 824 1804 erunt?
854 1764 909 1803 At
932 1776 1010 1803 nec
1035 1762 1352 1802 inconstantiam
1377 1761 1508 1803 virtus
1536 1761 1705 1815 recipit,
1730 1774 1809 1800 nec
1835 1762 2074 1801 varietatem

364 1841 510 1873 natura
543 1832 719 1887 patitur,
746 1831 940 1886 legesque
971 1844 1118 1886 poena,
1148 1843 1233 1869 non
1261 1829 1411 1885 justitia
1439 1837 1572 1868 nostra
1603 1829 1936 1885 comprobantur.
1957 1831 2071 1870 Nihil

363 1901 487 1942 habet
512 1902 640 1956 igitur
666 1900 854 1940 naturale
884 1899 967 1955 jus:
1001 1913 1052 1939 ex
1084 1913 1165 1952 quo
1193 1897 1297 1937 illud
1326 1897 1522 1947 efficitur,
1552 1913 1605 1937 ne
1631 1898 1758 1953 justos
1789 1899 1957 1953 quidem
1989 1913 2073 1939 esse

361 1968 549 2010 natura.'’
574 1969 649 2024 (5).
683 1969 809 2008 Porro
841 1982 936 2008 cum
963 1967 1048 2020 ipsa
1075 1965 1253 2006 ducente
1278 1973 1426 2005 natura
1456 1980 1597 2005 omnes
1625 1974 1666 2006 et
1694 1966 1880 2007 homines
1909 1975 1951 2007 et
1975 1967 2071 2006 alias

1996 2061 2061 2068 ...—

360 2114 482 2144 felleret
502 2123 537 2143 ac
563 2113 743 2147 Platonem,
766 2109 900 2139 Justitiae
925 2114 1092 2149 patronos,
1115 2109 1218 2148 prima
1240 2108 1296 2138 illa
1318 2108 1533 2147 disputatione
1555 2108 1678 2148 collegit
1707 2118 1741 2137 ea
1764 2109 1887 2144 omnia,
1915 2118 1984 2147 qnae
2013 2118 2068 2146 pro

362 2165 485 2204 justitia
504 2164 699 2199 dicebantur,
722 2170 756 2192 ut
769 2169 871 2203 posset
892 2162 966 2196 illa,
986 2162 1066 2191 sicut
1084 2160 1174 2195 fecit,
1201 2160 1368 2189 evertere.⁷'
1382 2175 1420 2181 —
1436 2160 1561 2188 Etenim
1581 2169 1651 2188 cum
1674 2169 1708 2187 ea
1729 2165 1804 2188 esset
1823 2159 1991 2187 Carneadis
2012 2159 2072 2188 dia-

360 2216 495 2257 putandi
519 2216 618 2251 ratio,
644 2222 681 2245 ut
699 2225 862 2255 nunquam
887 2214 950 2253 ipse
972 2214 1108 2249 diceret,
1135 2211 1212 2252 quid
1236 2210 1364 2240 sentiret
1386 2209 1485 2249 (Vid.
1513 2210 1544 2239 P.
1565 2212 1608 2238 11.
1632 2219 1658 2238 c.
1682 2219 1707 2238 1.
1728 2209 1744 2246 §
1763 2210 1810 2246 5.)
1838 2218 1956 2237 necesse
1980 2215 2045 2237 erat
2061 2231 2068 2244 ,

359 2277 430 2297 cum
451 2276 543 2296 nemo
565 2272 659 2302 esset,
682 2267 732 2296 cui
752 2266 993 2302 contradiceret,
1015 2271 1051 2293 ut
1069 2265 1133 2302 ipse
1153 2273 1205 2299 ea,
1227 2273 1294 2302 quae
1316 2262 1412 2293 vellet
1429 2262 1579 2298 refutare,
1603 2261 1688 2300 prius
1708 2260 1740 2289 iu
1755 2260 1892 2289 medium
1904 2260 2068 2299 proferret.

436 2319 480 2357 (ι)
505 2317 617 2348 Divin.
641 2317 746 2347 luatit.
770 2317 811 2354 V,
838 2317 884 2346 16.
910 2316 1004 2346 Conf.
1029 2314 1153 2344 Nonius
1173 2323 1241 2343 voc.
1266 2314 1443 2342 Calumnia-

436 2369 479 2408 (2)
500 2369 576 2399 Vid.
597 2368 632 2397 P.
652 2370 695 2397 ΙΙ.
717 2378 744 2397 c.
768 2378 793 2397 ι.
822 2368 887 2406 §3.
914 2366 1007 2396 Conf.
1032 2366 1157 2404 insuper
1177 2364 1370 2402 Quintilian.
1394 2366 1471 2392 lust.
1494 2363 1581 2392 Orat.
1606 2362 1661 2391 lib.
1689 2362 1765 2392 Xll.
1785 2371 1854 2401 cap.
1880 2372 1907 2391 ι.

436 2422 479 2461 (5)
500 2412 645 2451 Lactant.
666 2420 778 2451 Divin.
802 2418 909 2450 Instit.
930 2418 971 2456 V,
995 2428 1040 2457 ¹7·
1065 2417 1128 2447 Cic.
1149 2416 1185 2445 de
1206 2416 1251 2445 Re
1271 2415 1356 2454 publ.
1382 2416 1448 2450 111,
1474 2424 1515 2442 ιο.
1539 2424 1567 2451 p.
1592 2413 1642 2441 ι56
1659 2422 1704 2451 sq.
1723 2412 1770 2441 ed.
1794 2412 1891 2440 Paris.
1918 2412 2069 2442 »Genera

360 2483 434 2505 vero
463 2473 490 2502 si
521 2472 617 2502 velim
649 2472 746 2511 juris,
769 2471 1005 2504 institutorum,
1033 2478 1171 2505 morum,
1197 2465 1519 2504 consuetudinumque
1541 2463 1723 2500 describere,
1750 2473 1813 2492 non
1843 2463 1937 2493 modo
1966 2464 2000 2494 in
2025 2470 2070 2494 tot

358 2524 501 2564 gentibus
521 2522 628 2559 varia,
652 2522 703 2551 sed
725 2522 759 2552 in
781 2531 844 2551 una
864 2521 957 2557 urhe,
981 2519 1031 2549 vel
1052 2519 1087 2548 in
1110 2519 1167 2548 hac
1189 2518 1254 2557 ipsa
1275 2517 1389 2547 millies
1408 2522 1529 2546 mutata
1552 2515 1791 2545 demonstrem.”

437 2576 481 2613 (4)
501 2575 564 2605 Cic.
585 2574 608 2603 1.
631 2574 655 2603 l.
675 2583 743 2612 cap.
762 2574 792 2602 8.
819 2583 850 2612 p.
873 2572 938 2602 154.
964 2570 1013 2601 ed.
1037 2569 1137 2600 Paris.

436 2626 480 2665 (5)
501 2625 596 2666 Apud
619 2624 682 2655 Cic.
704 2624 727 2654 l.
746 2623 770 2654 1.
794 2632 862 2663 cap.
889 2632 936 2653 11.
959 2632 991 2663 p.
1017 2621 1081 2661 157.
