2743 3294
1156 304 1176 358 (
1207 304 1257 358 57
1288 304 1308 357 )

373 401 601 454 sententia,
644 415 769 458 quam
806 398 965 456 profert
1003 397 1145 439 Cicero
1169 396 1271 453 ·(1):
1342 396 1462 439 »Sus
1499 410 1595 440 vero
1635 395 1736 454 quid
1771 394 1895 438 habet
1938 404 2085 453 praeter

375 471 538 513 escam?
569 471 648 512 Cui
678 469 872 526 quidem,
901 482 955 508 ne
985 468 1233 523 putisceret,
1268 467 1446 505 animam
1472 467 1600 521 ipsam
1623 481 1696 521 pro
1726 466 1971 507 sale-datam
2002 481 2086 507 esse

375 540 475 581 dicit
519 538 814 595 Chrysippus’',
865 550 1074 592 quamque
1114 536 1171 575 sic
1215 534 1265 575 ab
1305 534 1480 575 absurdo
1529 534 1730 575 ducebat:
1766 536 1971 578 (Ἐκασ-τον
2012 539 2086 578 τῶν

374 614 496 665 φύσει
521 609 761 665 γεγονότων,
788 608 884 651 ὅταν
912 612 982 648 τοῦ
1010 606 1105 661 πρὸς
1123 607 1144 649 ὃ
1170 606 1332 659 πέφυκε
1359 606 1425 647 καὶ
1445 604 1590 660 γέγονε
1610 603 1835 659 τυγχάνῃ,
1856 605 2082 659 ὠφελεῖται.

376 679 598 734 Κοινότερον
635 678 677 721 δὲ
716 680 787 727 τῆς
814 677 1035 730 ὠφελείας,
1066 674 1106 726 ἕν
1134 674 1382 730 εὐχρηστίαν
1410 671 1518 715 οὖτοι
1547 673 1761 728 λέγουσιν,
1795 673 2027 716 ἀκουστέον.
2065 676 2084 722 ἡ

374 748 416 791 δὲ
436 745 480 793 ὗς
499 752 622 801 φύσει
641 747 787 801 γέγονε
803 746 897 801 πρὸς
918 746 964 787 τὸ
985 747 1195 799 σφαγῆναι
1213 745 1279 785 καὶ
1299 742 1690 797 καταβρωθῆναι·καὶ
1708 749 1829 784 τοῦτο
1847 741 2086 797 πάσχουσα

375 814 584 871 τυγχάνει
612 821 681 856 τοῦ
709 816 805 870 πρὸς
832 816 852 857 ὃ
878 813 1041 867 πέφυκε
1077 815 1144 854 καὶ
1175 813 1391 864 ὠφελεῖται
1417 809 1493 864 (2)

1152 980 1276 1035 §V

430 1129 612 1180 Quaestio
650 1127 701 1167 de
733 1126 886 1168 Natura
918 1125 1102 1166 Deorum
1129 1124 1231 1165 duas
1263 1131 1460 1180 tanquam
1492 1124 1783 1180 appendiculas
1807 1124 1948 1176 habet,
1981 1126 2085 1166 alte-

374 1212 461 1239 ram
494 1198 544 1238 de
576 1197 858 1246 Divinatione,
899 1195 1069 1235 alteram
1102 1194 1153 1234 de
1184 1194 1306 1244 Fato,
1339 1195 1383 1233 in
1416 1194 1566 1249 quibus
1598 1195 1683 1249 pari
1717 1196 1909 1233 acumine
1945 1203 2084 1234 contra

372 1269 525 1309 Stoicos
556 1266 781 1322 disputavit
817 1263 1058 1305 Carneades.
1111 1263 1171 1305 Ac
1201 1264 1385 1319 primum
1424 1262 1592 1319 quidem
1632 1262 1683 1304 de
1721 1263 1819 1303 Fato
1860 1263 2081 1304 videamus.

372 1336 625 1393 Chrysippus
663 1349 758 1375 cum
791 1341 989 1374 statueret
1023 1333 1159 1372 onmia
1197 1333 1286 1372 fieri
1321 1333 1470 1372 caussis
1505 1332 1865 1382 antecedentibus,
1919 1333 1995 1372 hoc
2034 1348 2082 1372 eo

373 1403 664 1453 confirmabat,
697 1402 806 1457 quod
834 1403 966 1441 omnis
996 1402 1232 1441 enunciatio
1264 1409 1367 1440 esset
1394 1401 1459 1441 vel
1491 1415 1606 1451 vera,
1640 1401 1704 1441 vel
1734 1401 1845 1440 falsa.
1877 1402 2082 1455 Epicurus

374 1479 512 1512 contra
550 1478 766 1520 metuens,
800 1483 881 1520 ne,
915 1469 947 1509 si
979 1468 1060 1509 hoc
1094 1469 1375 1519 concessisset,
1411 1468 1717 1508 concedendum
1751 1469 1821 1519 sit,
1855 1468 1938 1508 fato
1970 1470 2081 1519 fieri,

372 1553 647 1595 quaecumque
686 1539 806 1589 fiant,
844 1536 1116 1577 declinatione
1155 1539 1279 1576 atomi
1310 1537 1428 1577 vitari
1474 1537 1547 1576 fati
1578 1539 1861 1577 necessitatem
1895 1537 2080 1591 putabat.

374 1608 591 1648 »Acutius
626 1604 880 1657 Carneades,
916 1606 988 1661 qui
1020 1604 1209 1656 docebat,
1237 1619 1350 1660 posse
1384 1606 1607 1660 Epicureos
1635 1621 1751 1646 suam
1782 1620 1963 1645 caussam
1996 1606 2081 1645 sine

372 1675 449 1715 hac
475 1674 759 1714 commenticia
793 1673 1065 1713 declinatione
1097 1672 1332 1713 defendere.
1368 1673 1472 1713 Nam
1504 1688 1601 1713 cum
1634 1674 1823 1723 doceret,
1851 1687 1934 1713 esse
1966 1688 2080 1728 posse

372 1742 591 1798 quemdam
625 1742 751 1782 animi
786 1749 942 1782 motum
985 1741 1293 1792 voluntarium,
1344 1742 1387 1781 id
1424 1742 1507 1782 fuit
1548 1741 1715 1782 defendi
1750 1741 1919 1793 melius,
1954 1757 2078 1798 quam

371 1811 633 1853 introducere
665 1811 1000 1861 declinationem,
1037 1810 1157 1866 cujus
1186 1812 1409 1864 praesertim
1445 1826 1625 1851 caussam
1650 1812 1831 1866 reperire
1864 1826 1946 1851 non
1983 1826 2078 1866 pos—

371 1889 469 1922 sunt
497 1881 569 1936 (3).
623 1880 718 1931 Quo
757 1879 947 1931 defenso,
981 1879 1104 1919 facile
1136 1878 1362 1935 Chrysippo
1390 1887 1551 1934 possent
1576 1880 1774 1920 resistere.
1825 1880 1931 1920 Cum
1963 1882 2077 1921 enim

371 1951 681 2001 concessissent,
704 1957 863 1990 motum
890 1948 1054 1989 nullum
1081 1961 1165 1988 esse
1187 1948 1273 1987 sine
1299 1962 1459 1998 caussa,
1493 1963 1576 1988 non
1603 1948 1893 1999 concederent,
1921 1951 2076 2000 omnia,

370 2033 462 2074 quae
503 2019 670 2068 fierent,
708 2019 796 2058 fieri
832 2017 980 2056 caussis
1018 2017 1366 2057 antecedentibus.
1400 2017 1635 2057 Voluntatis
1673 2019 1785 2057 enim
1813 2026 1960 2058 nostrae
1995 2033 2077 2058 non

370 2100 455 2128 esse
485 2099 642 2126 caussas
676 2091 864 2125 externas
894 2091 936 2124 et
959 2084 1270 2125 antecedentes’'
1295 2084 1369 2140 (4)
1403 2085 1464 2125 Ex
1491 2085 1569 2126 hac
1595 2087 1722 2141 igitur
1747 2087 1948 2126 sententia
1969 2086 2077 2127 ultro

369 2153 617 2210 sequebatur
647 2153 877 2205 conclusio,
911 2167 993 2208 qua
1020 2153 1189 2209 quidem
1215 2155 1366 2194 arctius
1387 2153 1582 2210 adstringi
1604 2155 1802 2195 rationem
1829 2169 1912 2195 non
1938 2170 2074 2210 posse,

370 2223 543 2264 affirmat
578 2223 665 2278 ipse
702 2222 867 2263 Cicero:
911 2237 935 2262 ))
954 2223 996 2262 Si
1037 2223 1173 2263 omnia
1207 2222 1544 2264 antecedentibus
1579 2224 1726 2263 caussis
1765 2224 1900 2274 fiunt,
1939 2224 2076 2263 omnia

448 2368 495 2407 (1)
514 2368 559 2398 De
579 2367 654 2398 Nat.
677 2367 771 2398 Deor.
797 2370 840 2398 11.
861 2368 910 2398 64.
933 2368 1025 2398 Conf.
1043 2368 1160 2409 Baguet
1179 2369 1215 2398 de
1232 2368 1408 2408 Chrysippo
1426 2379 1457 2409 p.
1483 2369 1535 2398 182
1559 2379 1620 2408 sq.,
1645 2368 1682 2397 ab
1705 2378 1799 2408 eoque
1821 2368 1967 2398 laudatus
1985 2368 2076 2399 Creu-

371 2430 456 2450 zetus
475 2420 515 2449 ad
535 2420 567 2448 h.
591 2420 616 2448 1.
638 2429 670 2458 p.
694 2420 750 2457 477
772 2430 818 2459 sq.

447 2473 491 2510 (2)
510 2471 708 2510 Porphyrius
730 2471 768 2500 de
790 2471 1008 2507 Abstinentia,
1035 2472 1091 2501 lib.
1116 2474 1176 2502 111.
1202 2473 1218 2510 §
1242 2482 1289 2501 20.
1313 2482 1345 2511 p.
1369 2472 1421 2502 261
1447 2471 1485 2501 ed
1507 2471 1621 2500 Rhoer.

447 2524 489 2561 (3)
523 2525 570 2551 Ita
595 2532 650 2561 pro
673 2528 801 2560 possent
829 2522 977 2552 editionis
1004 2523 1177 2553 Ernestinae
1208 2523 1438 2563 rescripsimus:
1470 2531 1564 2562 quam
1595 2522 1760 2551 lectionem
1792 2523 1908 2562 egregie
1939 2523 2079 2553 defendit

371 2574 399 2604 J.
423 2573 467 2606 H.
490 2573 631 2603 Bremius
652 2572 691 2602 ad
709 2573 742 2602 h.
767 2573 789 2602 1.

450 2626 493 2665 (4)
512 2625 574 2656 Cic.
598 2625 635 2654 de
656 2624 743 2654 Fato.
765 2635 833 2665 cap.
866 2636 912 2655 11.
