2743 3301
1416 295 1435 350 <
1469 297 1519 336 ²5
1547 299 1566 350 )

639 393 787 449 patris,
813 393 970 449 inquit,
999 391 1187 433 revolvor
1213 392 1481 443 sententiam,
1509 391 1658 448 (quam
1686 393 1853 450 quidem
1879 395 1949 436 ille
1973 397 2249 441 Carneadeam
2268 416 2352 443 esse

640 461 847 513 dicebat),
878 469 926 501 ut
945 462 1101 515 percipi
1129 460 1233 500 nihil
1261 468 1406 515 putem
1428 476 1564 516 posse,
1590 477 1849 505 assensurum
1871 473 2008 506 autem
2034 481 2115 507 non
2134 480 2351 525 percepto,

640 529 681 572 id
701 538 778 582 est,
806 529 1074 586 opinaturum
1089 529 1316 587 sapientem
1342 529 1594 582 existimem3
1625 531 1695 570 sed
1711 533 1788 583 ita,
1810 541 1857 573 ut
1878 534 2079 590 intelligat
2103 550 2145 574 se
2172 538 2352 590 opinari,

639 600 823 653 sciatque
866 599 971 637 nihil
1009 612 1113 648 esse,
1157 599 1268 652 quod
1311 599 1606 651 comprehendi
1646 608 1687 639 et
1723 603 1879 656 percipi
1919 604 2068 657 possit:
2108 620 2255 659 parum
2291 605 2353 660 (1)

641 671 801 724 ἐπ-οχὴν
829 668 940 708 illam
969 683 1110 709 rerum
1131 666 1318 708 omnium
1335 664 1623 721 comprobanS,
1654 665 1715 707 illi
1741 667 1857 709 alteri
1882 672 2112 722 sententiae,
2139 671 2245 711 nihil
2267 685 2353 714 esse

639 738 749 795 quod
784 739 942 794 percipi
962 738 1105 794 possit,
1136 737 1405 778 vehementer
1425 736 1632 774 assentior.
1669 750 1692 774 »
1712 737 1819 776 Hinc
1843 738 2096 780 Carneadem
2123 742 2351 795 reprehen-

638 808 700 847 dit
725 808 927 849 Lucullus
949 808 1030 862 (2),
1059 805 1188 862 quod,
1213 804 1448 860 opinatione
1468 802 1658 854 admissa,
1683 818 1765 845 non
1789 812 1870 845 tam
1887 804 1993 846 bene
2014 821 2139 862 quam
2156 808 2351 850 Arcesilas

640 878 683 917 in
712 874 897 916 assensus
932 877 1161 916 retentione
1194 874 1268 914 sibi
1298 872 1585 913 constitisset.”
1636 873 1678 911 Si
1701 874 1835 923 enim,
1873 875 2030 928 inquit,
2064 877 2221 930 percipi
2248 878 2353 918 nihil

639 954 797 1000 potest,
837 946 948 999 quod
980 947 1149 998 utrique
1179 947 1309 984 visum
1345 951 1427 993 est3
1462 942 1667 983 tollendus
1696 958 1878 985 assensus
1903 951 1975 985 est.
2014 944 2128 996 Quid
2157 945 2266 987 enim
2293 954 2354 988 est

641 1023 722 1057 tam
749 1014 892 1066 futile,
918 1029 1042 1072 quam
1070 1012 1297 1072 quidquam
1323 1010 1549 1070 approbare
1571 1026 1652 1052 non
1674 1011 1915 1068 cognitum?
1937 1012 2188 1053 Carneadem
2212 1022 2351 1054 autem

641 1085 763 1124 etiam
800 1084 892 1123 heri
926 1084 1215 1132 audiebamus,
1249 1084 1414 1123 solitum
1441 1098 1525 1122 esse
1554 1083 1686 1122 delabi
1711 1083 1944 1132 interdum,
1978 1092 2027 1123 ut
2058 1084 2233 1136 diceret,
2261 1085 2353 1140 opi-

642 1160 865 1203 naturum,
896 1152 937 1192 id
968 1160 1046 1203 est,
1080 1160 1349 1207 peccaturum
1378 1165 1462 1191 esse
1495 1151 1734 1206 sapientem.
1783 1165 1806 1190 ))
1821 1149 1899 1190 Sed
1929 1149 2092 1192 Tullius
2115 1153 2223 1207 ipse,
2257 1166 2353 1193 cum

639 1220 761 1260 illum
791 1220 842 1259 ab
871 1220 948 1259 hoc
975 1221 1255 1260 inconstantiae
1276 1220 1447 1259 crimine
1473 1219 1735 1268 defenderet,
1760 1219 1921 1258 dicens:
1950 1220 2092 1260 Licere
2121 1220 2226 1260 nihil
2254 1236 2351 1276 per-

640 1289 777 1343 cipere
807 1296 849 1328 et
876 1296 1014 1328 tamen
1043 1288 1226 1344 opinari,
1269 1301 1310 1328 se
1342 1287 1480 1327 minus
1510 1286 1678 1342 quidem
1705 1287 1872 1327 credere
1902 1287 2057 1327 fatetur
2091 1288 2255 1327 Philoni
2281 1297 2352 1329 aut

640 1356 895 1406 Metrodoro,
935 1371 1059 1410 quam
1096 1357 1372 1407 Clitomacho,
1411 1358 1483 1411 qui
1514 1357 1590 1396 hoc
1622 1358 1748 1411 magis
1781 1373 1802 1396 a
1835 1356 2043 1397 Carneade
2077 1356 2349 1412 disputatum,

638 1441 762 1481 quam
801 1424 1018 1480 probatum
1049 1424 1232 1465 tradebat
1257 1425 1331 1478 (3).
1380 1425 1522 1465 Potuit
1561 1425 1688 1480 igitur
1718 1425 1793 1464 hac
1821 1426 1978 1464 ratione
2012 1425 2188 1465 scribere
2223 1425 2351 1466 Clito-

640 1494 832 1535 machus:
859 1493 1048 1534 Herculis
1079 1493 1301 1548 quemdam
1328 1492 1508 1534 laborem
1540 1493 1794 1534 exantlatum
1827 1509 1848 1533 a
1876 1493 2108 1545 Carneade,
2143 1494 2272 1549 quod,
2305 1503 2353 1535 ut·

641 1562 773 1601 feram
807 1569 849 1600 et
880 1563 1102 1600 immanem
1131 1560 1339 1611 belluam,
1375 1563 1432 1601 sic
1464 1577 1514 1601 ex
1547 1563 1693 1602 animis
1722 1563 1867 1602 nostris
1899 1562 2191 1613 assensionem,
2225 1562 2267 1603 id
2292 1570 2351 1602 est

642 1629 922 1685 opinationem
952 1636 994 1670 et
1020 1630 1292 1670 temeritatem
1329 1629 1569 1669 extraxisset
1596 1630 1669 1684 (4).

1427 1800 1458 1853 g
1496 1798 1567 1838 vi.

694 1933 791 1973 Haec
836 1947 933 1973 vero
965 1935 1147 1973 assensus
1183 1932 1357 1973 retentio
1390 1932 1639 1986 praecipuam
1679 1932 1723 1971 in
1756 1933 2017 1974 Academicos
2056 1934 2348 1988 aggrediendos

637 2002 887 2057 Dogmaticis
907 2016 1045 2041 ansam
1073 2000 1291 2056 praebebat.
1324 1998 1592 2039 »Videbatur
1611 1999 1744 2051 enim,
1780 2009 1827 2041 ut
1854 2009 1992 2041 monet
2016 2002 2272 2056 Augustinus
2291 2002 2352 2058 (5)

716 2158 759 2196 (ι)
785 2158 905 2186 Parum
937 2167 993 2196 pro
1020 2157 1149 2197 vulgato
1165 2127 1236 2193 ῼι·
1256 2165 1313 2183 noe
1336 2155 1506 2192 recepimus
1537 2165 1577 2183 ex
1605 2155 1729 2184 Davisii
1753 2157 1953 2193 conjecturam
1986 2157 2120 2187 Pariter
2141 2157 2248 2191 enim,
2269 2157 2353 2196 quod

637 2211 748 2241 suadet
769 2210 975 2247 Goerenziua,
1002 2210 1108 2239 minus
1133 2210 1208 2238 bene
1229 2206 1414 2237 Carneadem
1432 2205 1593 2237 sententia
1616 2205 1794 2246 adaptatur.

717 2262 760 2299 (2)
782 2261 877 2300 Apud
899 2261 963 2290 Cic.
989 2261 1111 2290 Acadd.
1135 2262 1184 2296 11,
1215 2260 1260 2288 18.
1282 2269 1313 2298 p.
1342 2260 1407 2298 139.

720 2315 763 2354 (ὅ)
787 2313 869 2345 lbid.
893 2315 942 2344 24.
969 2324 999 2353 p.
1029 2313 1093 2343 163.

717 2354 759 2404 (li)
781 2367 845 2396 Cic.
877 2366 998 2396 Acadd.
1035 2368 1084 2399 11,
1108 2364 1157 2394 54.
1184 2374 1214 2401 p.
1242 2373 1308 2392 202.
1331 2378 1368 2385 —
1389 2361 1523 2401 Antiqui
1542 2360 1725 2400 Philonophi
1746 2359 1913 2401 ingeniosis
1937 2359 2095 2402 acutisque
2114 2359 2355 2401 comparationi-

639 2418 696 2447 bus
721 2417 767 2447 uti
792 2418 950 2453 solebant,
983 2417 1096 2457 quibua
1118 2405 1171 2445 'ies
1197 2416 1341 2444 obscurae
1372 2423 1390 2443 a
1409 2413 1597 2454 cogitatione
1617 2413 1658 2442 ad
1683 2422 1787 2442 oeneus
1815 2412 2022 2443 traducerent.
2050 2412 2169 2443 Idcirco
2183 2410 2355 2443 carneade·

639 2470 734 2505 (teate
753 2469 898 2498 Cicerone
921 2469 959 2498 ad
982 2468 1080 2498 Attic.
1107 2468 1207 2501 xm,
1233 2477 1281 2496 21.
1306 2466 1368 2496 Ubi
1394 2467 1552 2507 sequimur
1564 2465 1815 2496 emendationem
1832 2465 1867 2494 P.
1892 2465 2043 2503 Victorii)
2065 2474 2183 2505 semper
2207 2463 2353 2505 προβολὴ

639 2520 756 2561 pugilis
776 2526 806 2549 et
830 2521 1035 2550 retentionem
1056 2520 1188 2559 aurigae,
1213 2519 1349 2548 similem
1372 2518 1505 2549 faciebat
1525 2519 1633 2564 ίποχῇ.

720 2572 770 2608 (5)
791 2571 882 2599 Cont.
906 2571 1002 2600 Acad.
1030 2572 1085 2599 lib.
1110 2573 1153 2599 11.
1175 2571 1210 2599 Cv
1233 2570 1262 2598 5.
1289 2575 1311 2598 t.
1335 2572 1359 2598 1.
1384 2581 1413 2608 p.
1440 2580 1495 2598 200
1518 2573 1551 2601 B.
1574 2569 1667 2600 Conf.
1690 2569 1754 2599 Cic.
1776 2571 1825 2604 11,
1850 2579 1881 2607 p.
1905 2568 1957 2597 116
1976 2573 2006 2598 et
2029 2577 2075 2608 19.
2093 2578 2125 2608 p.
2151 2569 2216 2597 242.
2240 2566 2354 2605 Tangit

640 2623 748 2653 etiam.
776 2622 858 2652 lbid.
884 2621 932 2651 31.
956 2632 987 2660 p.
1015 2631 1085 2660 ¹90›
1101 2621 1154 2651 ubi
1172 2621 1245 2653 vide
1270 2620 1392 2652 Davisii
1414 2626 1532 2650 notam.
