2743 3301
720 585 1777 680 COMMENTATIO

1216 817 1286 854 DE

506 992 1188 1071 CARNEADE
1315 993 1964 1091 GYRENAEO,

0 1117 76 1145 ν..)

908 1209 1224 1250 PHILOSOPHO
1262 1203 1579 1251 ACADEMICO.

1103 1480 1348 1502 -Φ-

387 1720 692 1798 CArneades
734 1756 963 1812 Cyrenaeus
1008 1757 1170 1799 divinoe
1208 1759 1469 1813 eloquentiae
1496 1759 1632 1817 fama
1680 1778 1764 1804 non
1804 1766 1945 1805 solum
1986 1769 2097 1810 inter

375 1824 590 1879 oequales,
620 1824 701 1866 sed
726 1826 772 1865 in
807 1832 900 1866 tota
930 1827 1199 1881 antiquitate
1229 1828 1375 1868 clarus
1394 1826 1509 1884 fuit.
1543 1830 1673 1881 Quod
1698 1832 1741 1871 si
1769 1841 1938 1884 autem,
1974 1844 2025 1877 ut
2054 1839 2092 1879 is

327 1936 329 1938 ,
374 1906 551 1948 magnus
590 1895 636 1933 in
670 1894 857 1937 historia
889 1896 1150 1949 populorum
1186 1904 1386 1945 vocatur,
1430 1899 1509 1951 qui
1540 1907 1679 1939 motus
1713 1905 2095 1959 conversionesque

375 1961 549 2018 ingenio
581 1975 672 2003 suo.
694 1959 877 2018 dirigit,
911 1963 977 2006 sic
1012 1978 1181 2022 magnos
1211 1964 1345 2007 liceat
1373 1965 1539 2016 dicere,
1573 1968 1652 2023 qui
1675 1978 1872 2024 apertam
1896 1973 2095 2030 aliquam

9 2079 38 2090 Y-
55 2070 82 2102 ,Ἴ
374 2031 462 2071 vim
493 2031 540 2070 in
574 2031 821 2073 universam
845 2032 1174 2087 philosophiam
1202 2044 1506 2086 exercuerunt5
1540 2051 1683 2086 nemo,
1717 2041 1968 2092 opinamur,
2011 2045 2095 2086 hac

372 2097 506 2141 laude
540 2098 683 2155 magis
718 2098 880 2156 dignus
904 2099 1029 2156 suit,
1075 2117 1209 2158 quam
1261 2103 1519 2147 Carneades.
1577 2107 1700 2148 Unus
1744 2110 1857 2150 enim
1903 2114 2092 2155 omnium

372 2168 561 2208 maxime
588 2168 773 2209 contulit
801 2168 864 2209 ad
896 2170 1248 2213 introducendum
1277 2174 1322 2213 in
1357 2174 1500 2215 orbem
1538 2176 1781 2217 Romanum
1797 2178 2093 2234 philosophia»

372 2243 417 2277 et
443 2250 539 2277 cum
565 2251 619 2278 ea
658 2234 906 2280 Graecarum
937 2238 1270 2295 disciplinarum
1295 2244 1487 2285 studium
1504 2261 1517 2285 .·
1552 2254 1685 2301 atque
1715 2248 1855 2288 altera
1888 2264 1942 2289 ex
1960 2260 2091 2304 parte

372 2305 610 2346 Stoicorum
639 2307 943 2348 auctoritatem
980 2307 1182 2365 infregit,
1218 2326 1400 2367 quorum
1436 2314 1623 2353 licentioe
1655 2315 1727 2370 (ut
1758 2317 1826 2355 ait
1860 2316 2005 2358 Cicero
2037 2320 2091 2360 de

373 2375 575 2416 Divinat.
607 2374 688 2424 II,
731 2375 828 2433 72.)
872 2378 961 2418 nisi
997 2381 1253 2431 restitisset,
1299 2384 1385 2424 soli
1412 2382 1613 2439 forsitan
1648 2386 1904 2442 philosophi
1933 2398 2090 2443 postea

362 2443 562 2496 judicati
591 2450 749 2501 essent.

432 2512 606 2558 Verum
639 2512 759 2569 quod
794 2515 991 2559 omnibus
1025 2515 1123 2574 fere
1143 2520 1419 2576 philosophis
1455 2524 1673 2579 antiquis,
1716 2525 1828 2568 idem
1875 2527 2091 2572 Carneadi

372 2581 557 2631 amitiit,
592 2589 642 2624 ut
669 2582 866 2625 doctrina
896 2584 993 2641 ejus
1021 2602 1176 2629 manca
1202 2590 1434 2632 admodum
1458 2600 1503 2633 et
1520 2594 1677 2634 mutila
1707 2595 1770 2635 ad
1786 2599 2087 2650 posteritatem

362 2654 621 2705 pervenerit.
665 2653 727 2694 Ut
753 2655 866 2696 enim
899 2662 1120 2701 taceamus
1147 2660 1389 2705 innumeros
1421 2662 1614 2705 historice
1629 2664 1926 2722 philosophice
1947 2669 2085 2724 scrip-
