<?xml version="1.0" encoding="UTF-8"?>
<!DOCTYPE html PUBLIC "-//W3C//DTD XHTML 1.0 Transitional//EN"
    "http://www.w3.org/TR/xhtml1/DTD/xhtml1-transitional.dtd">
<html xmlns="http://www.w3.org/1999/xhtml" xml:lang="en" lang="en">
 <head>
  <title>
</title>
<meta http-equiv="Content-Type" content="text/html;charset=utf-8" />
  <meta name='ocr-system' content='tesseract 3.04.00' />
  <meta name='ocr-capabilities' content='ocr_page ocr_carea ocr_par ocr_line ocrx_word'/>
</head>
<body>
  <div class='ocr_page' id='page_1' title='image "4774699_0034.png"; bbox 0 0 2743 3301; ppageno 0'>
   <div class='ocr_carea' id='block_1_1' title="bbox 1170 263 1325 488">
    <p class='ocr_par' dir='ltr' id='par_1_1' title="bbox 1170 263 1325 488">
     <span class='ocr_line' id='line_1_1' title="bbox 1170 263 1325 317; baseline 0 0"><span class='ocrx_word' id='word_1_1' title='bbox 1170 263 1325 317; x_wconf 88' lang='lat'><strong>(¹7)</strong></span> 
     </span>
     <span class='ocr_line' id='line_1_2' title="bbox 1171 432 1321 488; baseline 0 -16"><span class='ocrx_word' id='word_1_2' title='bbox 1171 432 1202 488; x_wconf 69' lang='lat' dir='ltr'>g</span> <span class='ocrx_word' id='word_1_3' title='bbox 1250 432 1321 472; x_wconf 91' lang='lat'>111.</span> 
     </span>
    </p>
   </div>
   <div class='ocr_carea' id='block_1_2' title="bbox 387 578 2115 1529">
    <p class='ocr_par' dir='ltr' id='par_1_2' title="bbox 387 578 2115 1529">
     <span class='ocr_line' id='line_1_3' title="bbox 449 578 2107 636; baseline -0.002 -7"><span class='ocrx_word' id='word_1_4' title='bbox 449 585 678 629; x_wconf 87' lang='lat' dir='ltr'><strong>Carneades</strong></span> <span class='ocrx_word' id='word_1_5' title='bbox 708 581 868 624; x_wconf 85' lang='lat' dir='ltr'><strong>nullam</strong></span> <span class='ocrx_word' id='word_1_6' title='bbox 887 581 932 621; x_wconf 84' lang='lat' dir='ltr'><strong>in</strong></span> <span class='ocrx_word' id='word_1_7' title='bbox 958 578 1215 636; x_wconf 88' lang='lat' dir='ltr'><strong>philosophia</strong></span> <span class='ocrx_word' id='word_1_8' title='bbox 1234 580 1446 621; x_wconf 86' lang='lat' dir='ltr'><strong>constituit</strong></span> <span class='ocrx_word' id='word_1_9' title='bbox 1471 581 1739 635; x_wconf 62' lang='lat' dir='ltr'><strong>oententiam,</strong></span> <span class='ocrx_word' id='word_1_10' title='bbox 1770 590 1811 624; x_wconf 83' lang='lat' dir='ltr'><strong>et</strong></span> <span class='ocrx_word' id='word_1_11' title='bbox 1836 591 1946 625; x_wconf 85' lang='lat' dir='ltr'><strong>recte</strong></span> <span class='ocrx_word' id='word_1_12' title='bbox 1976 585 2107 626; x_wconf 83' lang='lat' dir='ltr'><strong>Clito-</strong></span> 
     </span>
     <span class='ocr_line' id='line_1_4' title="bbox 391 649 2107 709; baseline -0.002 -10"><span class='ocrx_word' id='word_1_13' title='bbox 391 657 564 700; x_wconf 82' lang='lat' dir='ltr'>machus</span> <span class='ocrx_word' id='word_1_14' title='bbox 587 652 824 703; x_wconf 82' lang='lat' dir='ltr'><strong>affirmavit,</strong></span> <span class='ocrx_word' id='word_1_15' title='bbox 845 664 888 691; x_wconf 88' lang='lat' dir='ltr'><strong>se</strong></span> <span class='ocrx_word' id='word_1_16' title='bbox 907 664 1123 706; x_wconf 90' lang='lat' dir='ltr'><strong>nunquam</strong></span> <span class='ocrx_word' id='word_1_17' title='bbox 1138 649 1371 706; x_wconf 86' lang='lat' dir='ltr'><strong>intelligere</strong></span> <span class='ocrx_word' id='word_1_18' title='bbox 1392 653 1591 707; x_wconf 87' lang='lat' dir='ltr'><strong>potuisse,</strong></span> <span class='ocrx_word' id='word_1_19' title='bbox 1617 651 1718 709; x_wconf 91' lang='lat' dir='ltr'><strong>quid</strong></span> <span class='ocrx_word' id='word_1_20' title='bbox 1741 652 1939 694; x_wconf 79' lang='lat' dir='ltr'><strong>Carneadi</strong></span> <span class='ocrx_word' id='word_1_21' title='bbox 1958 653 2107 709; x_wconf 85' lang='lat' dir='ltr'><strong>proba-</strong></span> 
     </span>
     <span class='ocr_line' id='line_1_5' title="bbox 390 719 2107 779; baseline -0.004 -11"><span class='ocrx_word' id='word_1_22' title='bbox 390 734 508 768; x_wconf 86' lang='lat' dir='ltr'><strong>retur</strong></span> <span class='ocrx_word' id='word_1_23' title='bbox 532 723 606 779; x_wconf 89' lang='lat'>(1).</span> <span class='ocrx_word' id='word_1_24' title='bbox 638 723 744 763; x_wconf 89' lang='lat' dir='ltr'><strong>Cum</strong></span> <span class='ocrx_word' id='word_1_25' title='bbox 771 721 899 777; x_wconf 82' lang='lat' dir='ltr'><strong>igitur</strong></span> <span class='ocrx_word' id='word_1_26' title='bbox 928 721 1034 762; x_wconf 85' lang='lat' dir='ltr'><strong>varia</strong></span> <span class='ocrx_word' id='word_1_27' title='bbox 1067 719 1392 776; x_wconf 81' lang='lat' dir='ltr'><strong>dogmaticomm</strong></span> <span class='ocrx_word' id='word_1_28' title='bbox 1431 720 1770 777; x_wconf 88' lang='lat' dir='ltr'><strong>philosophorum</strong></span> <span class='ocrx_word' id='word_1_29' title='bbox 1809 721 1971 761; x_wconf 88' lang='lat' dir='ltr'><strong>decreta</strong></span> <span class='ocrx_word' id='word_1_30' title='bbox 2008 737 2107 762; x_wconf 88' lang='lat' dir='ltr'><strong>con-</strong></span> 
     </span>
     <span class='ocr_line' id='line_1_6' title="bbox 391 789 2107 848; baseline -0.003 -12"><span class='ocrx_word' id='word_1_31' title='bbox 391 794 514 836; x_wconf 80' lang='lat' dir='ltr'><strong>traria</strong></span> <span class='ocrx_word' id='word_1_32' title='bbox 542 792 817 848; x_wconf 85' lang='lat' dir='ltr'><strong>disputatione</strong></span> <span class='ocrx_word' id='word_1_33' title='bbox 844 798 993 842; x_wconf 87' lang='lat' dir='ltr'><strong>tentat,</strong></span> <span class='ocrx_word' id='word_1_34' title='bbox 1025 789 1257 832; x_wconf 87' lang='lat' dir='ltr'><strong>cavendum</strong></span> <span class='ocrx_word' id='word_1_35' title='bbox 1286 797 1367 841; x_wconf 89' lang='lat' dir='ltr'><strong>est,</strong></span> <span class='ocrx_word' id='word_1_36' title='bbox 1395 802 1449 829; x_wconf 92' lang='lat' dir='ltr'><strong>ne</strong></span> <span class='ocrx_word' id='word_1_37' title='bbox 1474 796 1671 844; x_wconf 87' lang='lat' dir='ltr'><strong>putemus</strong></span> <span class='ocrx_word' id='word_1_38' title='bbox 1700 804 1797 831; x_wconf 89' lang='lat' dir='ltr'><strong>eum</strong></span> <span class='ocrx_word' id='word_1_39' title='bbox 1827 789 1893 830; x_wconf 87' lang='lat' dir='ltr'><strong>his</strong></span> <span class='ocrx_word' id='word_1_40' title='bbox 1915 805 1988 831; x_wconf 87' lang='lat' dir='ltr'><strong>sua</strong></span> <span class='ocrx_word' id='word_1_41' title='bbox 2015 798 2107 830; x_wconf 87' lang='lat' dir='ltr'><strong>tan-</strong></span> 
     </span>
     <span class='ocr_line' id='line_1_7' title="bbox 391 857 2107 921; baseline -0.003 -17"><span class='ocrx_word' id='word_1_42' title='bbox 391 877 517 921; x_wconf 87' lang='lat' dir='ltr'><strong>quam</strong></span> <span class='ocrx_word' id='word_1_43' title='bbox 544 860 714 903; x_wconf 84' lang='lat' dir='ltr'><strong>totidem</strong></span> <span class='ocrx_word' id='word_1_44' title='bbox 741 860 930 917; x_wconf 82' lang='lat' dir='ltr'>dogmata</span> <span class='ocrx_word' id='word_1_45' title='bbox 962 871 1184 915; x_wconf 90' lang='lat' dir='ltr'><strong>opponere.</strong></span> <span class='ocrx_word' id='word_1_46' title='bbox 1222 857 1269 898; x_wconf 90' lang='lat' dir='ltr'><strong>Id</strong></span> <span class='ocrx_word' id='word_1_47' title='bbox 1288 858 1401 899; x_wconf 89' lang='lat' dir='ltr'><strong>enim</strong></span> <span class='ocrx_word' id='word_1_48' title='bbox 1425 858 1457 898; x_wconf 91' lang='lat' dir='ltr'><strong>si</strong></span> <span class='ocrx_word' id='word_1_49' title='bbox 1483 857 1663 909; x_wconf 79' lang='lat' dir='ltr'><strong>fecisset,</strong></span> <span class='ocrx_word' id='word_1_50' title='bbox 1697 858 1741 898; x_wconf 89' lang='lat' dir='ltr'><strong>in</strong></span> <span class='ocrx_word' id='word_1_51' title='bbox 1769 857 1931 899; x_wconf 89' lang='lat' dir='ltr'><strong>eosdem</strong></span> <span class='ocrx_word' id='word_1_52' title='bbox 1952 872 2107 899; x_wconf 84' lang='lat' dir='ltr'><strong>errores</strong></span> 
     </span>
     <span class='ocr_line' id='line_1_8' title="bbox 391 927 2111 988; baseline -0.004 -16"><span class='ocrx_word' id='word_1_53' title='bbox 391 934 528 988; x_wconf 85' lang='lat' dir='ltr'><strong>lapsus</strong></span> <span class='ocrx_word' id='word_1_54' title='bbox 561 937 685 982; x_wconf 85' lang='lat' dir='ltr'><strong>esset,</strong></span> <span class='ocrx_word' id='word_1_55' title='bbox 714 943 817 985; x_wconf 91' lang='lat' dir='ltr'><strong>quos</strong></span> <span class='ocrx_word' id='word_1_56' title='bbox 848 929 1088 969; x_wconf 87' lang='lat' dir='ltr'><strong>adversariis</strong></span> <span class='ocrx_word' id='word_1_57' title='bbox 1119 927 1349 984; x_wconf 86' lang='lat' dir='ltr'><strong>objiciebat.</strong></span> <span class='ocrx_word' id='word_1_58' title='bbox 1382 928 1442 967; x_wconf 94' lang='lat' dir='ltr'><strong>Ut</strong></span> <span class='ocrx_word' id='word_1_59' title='bbox 1466 935 1579 967; x_wconf 85' lang='lat' dir='ltr'><strong>recte</strong></span> <span class='ocrx_word' id='word_1_60' title='bbox 1608 928 1651 966; x_wconf 91' lang='lat' dir='ltr'><strong>in</strong></span> <span class='ocrx_word' id='word_1_61' title='bbox 1687 941 1828 967; x_wconf 88' lang='lat' dir='ltr'><strong>omnes</strong></span> <span class='ocrx_word' id='word_1_62' title='bbox 1850 928 1939 982; x_wconf 91' lang='lat' dir='ltr'><strong>ejus</strong></span> <span class='ocrx_word' id='word_1_63' title='bbox 1967 927 2111 981; x_wconf 87' lang='lat' dir='ltr'><strong>dispu-</strong></span> 
     </span>
     <span class='ocr_line' id='line_1_9' title="bbox 392 996 2110 1054; baseline -0.003 -12"><span class='ocrx_word' id='word_1_64' title='bbox 392 1001 564 1043; x_wconf 79' lang='lat' dir='ltr'><strong>tationes</strong></span> <span class='ocrx_word' id='word_1_65' title='bbox 595 998 700 1041; x_wconf 89' lang='lat' dir='ltr'><strong>illud</strong></span> <span class='ocrx_word' id='word_1_66' title='bbox 738 997 1017 1049; x_wconf 83' lang='lat' dir='ltr'><strong>transtuleris,</strong></span> <span class='ocrx_word' id='word_1_67' title='bbox 1051 997 1161 1053; x_wconf 89' lang='lat' dir='ltr'><strong>quod</strong></span> <span class='ocrx_word' id='word_1_68' title='bbox 1198 997 1250 1038; x_wconf 88' lang='lat' dir='ltr'><strong>de</strong></span> <span class='ocrx_word' id='word_1_69' title='bbox 1281 997 1372 1050; x_wconf 88' lang='lat' dir='ltr'><strong>illa,</strong></span> <span class='ocrx_word' id='word_1_70' title='bbox 1411 1012 1536 1053; x_wconf 90' lang='lat' dir='ltr'><strong>quam</strong></span> <span class='ocrx_word' id='word_1_71' title='bbox 1568 997 1706 1037; x_wconf 86' lang='lat' dir='ltr'><strong>Rornae</strong></span> <span class='ocrx_word' id='word_1_72' title='bbox 1737 1004 1876 1037; x_wconf 87' lang='lat' dir='ltr'><strong>contra</strong></span> <span class='ocrx_word' id='word_1_73' title='bbox 1911 996 2110 1054; x_wconf 85' lang='lat' dir='ltr'><strong>justitiam</strong></span> 
     </span>
     <span class='ocr_line' id='line_1_10' title="bbox 391 1064 2108 1122; baseline -0.004 -12"><span class='ocrx_word' id='word_1_74' title='bbox 391 1069 538 1110; x_wconf 79' lang='lat' dir='ltr'><strong>habuit</strong></span> <span class='ocrx_word' id='word_1_75' title='bbox 562 1069 768 1117; x_wconf 88' lang='lat' dir='ltr'><strong>oratione,</strong></span> <span class='ocrx_word' id='word_1_76' title='bbox 789 1065 947 1122; x_wconf 86' lang='lat' dir='ltr'><strong>judicat</strong></span> <span class='ocrx_word' id='word_1_77' title='bbox 963 1067 1199 1106; x_wconf 86' lang='lat' dir='ltr'><strong>Lactantius</strong></span> <span class='ocrx_word' id='word_1_78' title='bbox 1219 1066 1302 1121; x_wconf 81' lang='lat'>(2):</span> <span class='ocrx_word' id='word_1_79' title='bbox 1336 1065 1607 1116; x_wconf 75' lang='lat' dir='ltr'><strong>»Intelligere</strong></span> <span class='ocrx_word' id='word_1_80' title='bbox 1635 1064 1737 1103; x_wconf 86' lang='lat' dir='ltr'><strong>mihi</strong></span> <span class='ocrx_word' id='word_1_81' title='bbox 1764 1064 1925 1114; x_wconf 88' lang='lat' dir='ltr'><strong>videor,</strong></span> <span class='ocrx_word' id='word_1_82' title='bbox 1953 1067 2108 1119; x_wconf 79' lang='lat' dir='ltr'><strong>inquit,</strong></span> 
     </span>
     <span class='ocr_line' id='line_1_11' title="bbox 394 1132 2111 1194; baseline -0.003 -16"><span class='ocrx_word' id='word_1_83' title='bbox 394 1153 475 1194; x_wconf 89' lang='lat' dir='ltr'><strong>qua</strong></span> <span class='ocrx_word' id='word_1_84' title='bbox 496 1144 635 1177; x_wconf 89' lang='lat' dir='ltr'><strong>mente</strong></span> <span class='ocrx_word' id='word_1_85' title='bbox 661 1134 705 1176; x_wconf 91' lang='lat' dir='ltr'><strong>id</strong></span> <span class='ocrx_word' id='word_1_86' title='bbox 730 1135 890 1175; x_wconf 87' lang='lat' dir='ltr'><strong>fecerit.</strong></span> <span class='ocrx_word' id='word_1_87' title='bbox 928 1133 1020 1175; x_wconf 87' lang='lat' dir='ltr'><strong>Non</strong></span> <span class='ocrx_word' id='word_1_88' title='bbox 1044 1135 1156 1175; x_wconf 89' lang='lat' dir='ltr'><strong>enim</strong></span> <span class='ocrx_word' id='word_1_89' title='bbox 1175 1149 1273 1176; x_wconf 89' lang='lat' dir='ltr'><strong>vere</strong></span> <span class='ocrx_word' id='word_1_90' title='bbox 1301 1134 1550 1176; x_wconf 86' lang='lat' dir='ltr'><strong>existimavit</strong></span> <span class='ocrx_word' id='word_1_91' title='bbox 1578 1147 1674 1174; x_wconf 89' lang='lat' dir='ltr'><strong>eum</strong></span> <span class='ocrx_word' id='word_1_92' title='bbox 1701 1132 1876 1174; x_wconf 84' lang='lat' dir='ltr'><strong>stultum</strong></span> <span class='ocrx_word' id='word_1_93' title='bbox 1901 1148 2009 1185; x_wconf 84' lang='lat' dir='ltr'><strong>esse,</strong></span> <span class='ocrx_word' id='word_1_94' title='bbox 2040 1136 2111 1189; x_wconf 86' lang='lat' dir='ltr'><strong>qui</strong></span> 
     </span>
     <span class='ocr_line' id='line_1_12' title="bbox 394 1201 2113 1262; baseline -0.002 -17"><span class='ocrx_word' id='word_1_95' title='bbox 394 1205 527 1262; x_wconf 86' lang='lat' dir='ltr'><strong>justus</strong></span> <span class='ocrx_word' id='word_1_96' title='bbox 554 1211 636 1244; x_wconf 89' lang='lat' dir='ltr'><strong>est:</strong></span> <span class='ocrx_word' id='word_1_97' title='bbox 676 1202 747 1243; x_wconf 89' lang='lat' dir='ltr'><strong>sed</strong></span> <span class='ocrx_word' id='word_1_98' title='bbox 770 1217 867 1244; x_wconf 89' lang='lat' dir='ltr'><strong>cum</strong></span> <span class='ocrx_word' id='word_1_99' title='bbox 894 1203 1016 1243; x_wconf 86' lang='lat' dir='ltr'><strong>sciret</strong></span> <span class='ocrx_word' id='word_1_100' title='bbox 1045 1217 1129 1243; x_wconf 89' lang='lat' dir='ltr'><strong>non</strong></span> <span class='ocrx_word' id='word_1_101' title='bbox 1158 1217 1263 1255; x_wconf 88' lang='lat' dir='ltr'><strong>esse,</strong></span> <span class='ocrx_word' id='word_1_102' title='bbox 1297 1211 1339 1243; x_wconf 88' lang='lat' dir='ltr'><strong>et</strong></span> <span class='ocrx_word' id='word_1_103' title='bbox 1366 1204 1568 1243; x_wconf 89' lang='lat' dir='ltr'><strong>rationem</strong></span> <span class='ocrx_word' id='word_1_104' title='bbox 1587 1210 1744 1253; x_wconf 88' lang='lat' dir='ltr'><strong>tamen,</strong></span> <span class='ocrx_word' id='word_1_105' title='bbox 1767 1217 1842 1242; x_wconf 91' lang='lat' dir='ltr'><strong>cur</strong></span> <span class='ocrx_word' id='word_1_106' title='bbox 1865 1203 1920 1241; x_wconf 88' lang='lat' dir='ltr'><strong>ita</strong></span> <span class='ocrx_word' id='word_1_107' title='bbox 1949 1201 2113 1244; x_wconf 77' lang='lat' dir='ltr'><strong>videre—</strong></span> 
     </span>
     <span class='ocr_line' id='line_1_13' title="bbox 394 1269 2108 1327; baseline -0.002 -14"><span class='ocrx_word' id='word_1_108' title='bbox 394 1281 482 1325; x_wconf 89' lang='lat' dir='ltr'><strong>tur,</strong></span> <span class='ocrx_word' id='word_1_109' title='bbox 516 1287 600 1313; x_wconf 90' lang='lat' dir='ltr'><strong>non</strong></span> <span class='ocrx_word' id='word_1_110' title='bbox 631 1270 1000 1327; x_wconf 88' lang='lat' dir='ltr'><strong>comprehenderet</strong></span> <span class='ocrx_word' id='word_1_111' title='bbox 1010 1287 1020 1324; x_wconf 80' lang='lat'><em>3</em></span> <span class='ocrx_word' id='word_1_112' title='bbox 1056 1271 1188 1313; x_wconf 83' lang='lat' dir='ltr'><strong>voluit</strong></span> <span class='ocrx_word' id='word_1_113' title='bbox 1217 1271 1451 1323; x_wconf 83' lang='lat' dir='ltr'><strong>ostendere,</strong></span> <span class='ocrx_word' id='word_1_114' title='bbox 1479 1270 1607 1310; x_wconf 89' lang='lat' dir='ltr'><strong>latere</strong></span> <span class='ocrx_word' id='word_1_115' title='bbox 1639 1271 1682 1309; x_wconf 91' lang='lat' dir='ltr'><strong>in</strong></span> <span class='ocrx_word' id='word_1_116' title='bbox 1704 1269 1839 1310; x_wconf 87' lang='lat' dir='ltr'><strong>abdito</strong></span> <span class='ocrx_word' id='word_1_117' title='bbox 1872 1271 2108 1321; x_wconf 83' lang='lat' dir='ltr'><strong>veritatem,</strong></span> 
     </span>
     <span class='ocr_line' id='line_1_14' title="bbox 396 1339 2115 1396; baseline -0.003 -14"><span class='ocrx_word' id='word_1_118' title='bbox 396 1350 444 1383; x_wconf 89' lang='lat' dir='ltr'><strong>ut</strong></span> <span class='ocrx_word' id='word_1_119' title='bbox 470 1341 683 1382; x_wconf 84' lang='lat' dir='ltr'><strong>decretum</strong></span> <span class='ocrx_word' id='word_1_120' title='bbox 716 1340 941 1395; x_wconf 75' lang='lat' dir='ltr'><strong>disciplinae</strong></span> <span class='ocrx_word' id='word_1_121' title='bbox 966 1354 1049 1380; x_wconf 87' lang='lat' dir='ltr'><strong>suae</strong></span> <span class='ocrx_word' id='word_1_122' title='bbox 1080 1348 1289 1391; x_wconf 88' lang='lat' dir='ltr'><strong>tueretur,</strong></span> <span class='ocrx_word' id='word_1_123' title='bbox 1324 1339 1444 1396; x_wconf 86' lang='lat' dir='ltr'><strong>cujus</strong></span> <span class='ocrx_word' id='word_1_124' title='bbox 1473 1353 1632 1379; x_wconf 89' lang='lat' dir='ltr'><strong>summa</strong></span> <span class='ocrx_word' id='word_1_125' title='bbox 1663 1340 1862 1378; x_wconf 88' lang='lat' dir='ltr'><strong>sententia</strong></span> <span class='ocrx_word' id='word_1_126' title='bbox 1894 1347 1974 1388; x_wconf 89' lang='lat' dir='ltr'><strong>est,</strong></span> <span class='ocrx_word' id='word_1_127' title='bbox 2000 1339 2115 1378; x_wconf 72' lang='lat' dir='ltr'><strong>nihil</strong></span> 
     </span>
     <span class='ocr_line' id='line_1_15' title="bbox 387 1406 2109 1465; baseline -0.003 -13"><span class='ocrx_word' id='word_1_128' title='bbox 387 1412 558 1465; x_wconf 82' lang='lat' dir='ltr'><strong>percipi</strong></span> <span class='ocrx_word' id='word_1_129' title='bbox 579 1408 754 1465; x_wconf 64' lang='lat' dir='ltr'><strong>possa„</strong></span> <span class='ocrx_word' id='word_1_130' title='bbox 808 1409 935 1450; x_wconf 91' lang='lat' dir='ltr'><strong>Porro</strong></span> <span class='ocrx_word' id='word_1_131' title='bbox 969 1408 1111 1449; x_wconf 91' lang='lat' dir='ltr'><strong>Cicero</strong></span> <span class='ocrx_word' id='word_1_132' title='bbox 1149 1416 1352 1450; x_wconf 82' lang='lat' dir='ltr'><strong>asseverat</strong></span> <span class='ocrx_word' id='word_1_133' title='bbox 1384 1422 1482 1448; x_wconf 89' lang='lat' dir='ltr'><strong>eum</strong></span> <span class='ocrx_word' id='word_1_134' title='bbox 1516 1408 1572 1447; x_wconf 89' lang='lat' dir='ltr'><strong>ita</strong></span> <span class='ocrx_word' id='word_1_135' title='bbox 1610 1406 1740 1447; x_wconf 82' lang='lat' dir='ltr'><strong>multa</strong></span> <span class='ocrx_word' id='word_1_136' title='bbox 1771 1406 2025 1457; x_wconf 80' lang='lat' dir='ltr'><strong>disseruisse,</strong></span> <span class='ocrx_word' id='word_1_137' title='bbox 2064 1415 2109 1447; x_wconf 89' lang='lat' dir='ltr'><strong>ut</strong></span> 
     </span>
     <span class='ocr_line' id='line_1_16' title="bbox 396 1473 2020 1529; baseline -0.004 -10"><span class='ocrx_word' id='word_1_138' title='bbox 396 1479 592 1519; x_wconf 78' lang='lat' dir='ltr'><strong>excitaret</strong></span> <span class='ocrx_word' id='word_1_139' title='bbox 618 1478 805 1518; x_wconf 87' lang='lat' dir='ltr'><strong>homines</strong></span> <span class='ocrx_word' id='word_1_140' title='bbox 832 1491 916 1517; x_wconf 88' lang='lat' dir='ltr'><strong>non</strong></span> <span class='ocrx_word' id='word_1_141' title='bbox 947 1476 1132 1517; x_wconf 87' lang='lat' dir='ltr'><strong>socordes</strong></span> <span class='ocrx_word' id='word_1_142' title='bbox 1160 1475 1211 1515; x_wconf 94' lang='lat' dir='ltr'><strong>ad</strong></span> <span class='ocrx_word' id='word_1_143' title='bbox 1237 1475 1325 1518; x_wconf 88' lang='lat' dir='ltr'><strong>veri</strong></span> <span class='ocrx_word' id='word_1_144' title='bbox 1354 1474 1625 1529; x_wconf 85' lang='lat' dir='ltr'><strong>investigandi</strong></span> <span class='ocrx_word' id='word_1_145' title='bbox 1649 1473 1918 1529; x_wconf 79' lang='lat' dir='ltr'><strong>cupiditatem</strong></span> <span class='ocrx_word' id='word_1_146' title='bbox 1945 1473 2020 1527; x_wconf 87' lang='lat'>(3).</span> 
     </span>
    </p>
   </div>
   <div class='ocr_carea' id='block_1_3' title="bbox 1132 1581 1311 1687">
    <p class='ocr_par' dir='ltr' id='par_1_3' title="bbox 1132 1581 1311 1687">
     <span class='ocr_line' id='line_1_17' title="bbox 1132 1581 1311 1687; baseline 0 -16"><span class='ocrx_word' id='word_1_147' title='bbox 1132 1581 1199 1687; x_wconf 29' lang='lat' dir='ltr'><strong>‘g</strong></span> <span class='ocrx_word' id='word_1_148' title='bbox 1240 1631 1311 1671; x_wconf 80' lang='lat' dir='ltr'><strong>lv.</strong></span> 
     </span>
    </p>
   </div>
   <div class='ocr_carea' id='block_1_4' title="bbox 455 1763 2112 1821">
    <p class='ocr_par' dir='ltr' id='par_1_4' title="bbox 455 1763 2112 1821">
     <span class='ocr_line' id='line_1_18' title="bbox 455 1763 2112 1821; baseline -0.003 -11"><span class='ocrx_word' id='word_1_149' title='bbox 455 1768 663 1821; x_wconf 83' lang='lat' dir='ltr'><strong>Quoniam</strong></span> <span class='ocrx_word' id='word_1_150' title='bbox 689 1775 829 1809; x_wconf 85' lang='lat' dir='ltr'><strong>autem</strong></span> <span class='ocrx_word' id='word_1_151' title='bbox 856 1768 901 1807; x_wconf 90' lang='lat' dir='ltr'><strong>in</strong></span> <span class='ocrx_word' id='word_1_152' title='bbox 932 1767 1044 1807; x_wconf 90' lang='lat' dir='ltr'><strong>omni</strong></span> <span class='ocrx_word' id='word_1_153' title='bbox 1070 1763 1329 1821; x_wconf 71' lang='lat' dir='ltr'><strong>philosophia</strong></span> <span class='ocrx_word' id='word_1_154' title='bbox 1357 1772 1505 1819; x_wconf 86' lang='lat' dir='ltr'><strong>praeter</strong></span> <span class='ocrx_word' id='word_1_155' title='bbox 1534 1765 1745 1805; x_wconf 87' lang='lat' dir='ltr'><strong>materiam</strong></span> <span class='ocrx_word' id='word_1_156' title='bbox 1774 1765 1858 1806; x_wconf 83' lang='lat' dir='ltr'><strong>sive</strong></span> <span class='ocrx_word' id='word_1_157' title='bbox 1887 1779 2112 1820; x_wconf 86' lang='lat' dir='ltr'><strong>argumen-</strong></span> 
     </span>
    </p>
   </div>
   <div class='ocr_carea' id='block_1_5' title="bbox 396 1885 2117 2648">
    <p class='ocr_par' dir='ltr' id='par_1_5' title="bbox 396 1885 2115 2387">
     <span class='ocr_line' id='line_1_19' title="bbox 396 1885 2115 1928; baseline -0.002 -9"><span class='ocrx_word' id='word_1_158' title='bbox 396 1898 580 1928; x_wconf 86' lang='lat' dir='ltr'><strong>maguopere</strong></span> <span class='ocrx_word' id='word_1_159' title='bbox 600 1888 845 1918; x_wconf 87' lang='lat' dir='ltr'><strong>accommodata.</strong></span> <span class='ocrx_word' id='word_1_160' title='bbox 867 1886 991 1915; x_wconf 83' lang='lat' dir='ltr'><strong>Scilicet</strong></span> <span class='ocrx_word' id='word_1_161' title='bbox 1015 1885 1120 1924; x_wconf 87' lang='lat' dir='ltr'><strong>potuit</strong></span> <span class='ocrx_word' id='word_1_162' title='bbox 1143 1886 1313 1922; x_wconf 84' lang='lat' dir='ltr'><strong>Arcesilas,</strong></span> <span class='ocrx_word' id='word_1_163' title='bbox 1340 1886 1404 1924; x_wconf 81' lang='lat' dir='ltr'><strong>ipse</strong></span> <span class='ocrx_word' id='word_1_164' title='bbox 1425 1895 1441 1914; x_wconf 85' lang='lat' dir='ltr'><strong>e</strong></span> <span class='ocrx_word' id='word_1_165' title='bbox 1463 1885 1585 1923; x_wconf 87' lang='lat' dir='ltr'><strong>scriptis</strong></span> <span class='ocrx_word' id='word_1_166' title='bbox 1608 1885 1750 1914; x_wconf 80' lang='lat' dir='ltr'><strong>Platonis</strong></span> <span class='ocrx_word' id='word_1_167' title='bbox 1771 1885 1811 1915; x_wconf 88' lang='lat' dir='ltr'><strong>ad</strong></span> <span class='ocrx_word' id='word_1_168' title='bbox 1831 1885 1999 1914; x_wconf 85' lang='lat' dir='ltr'><strong>dubitandi</strong></span> <span class='ocrx_word' id='word_1_169' title='bbox 2024 1886 2115 1915; x_wconf 85' lang='lat' dir='ltr'><strong>disci-</strong></span> 
     </span>
     <span class='ocr_line' id='line_1_20' title="bbox 396 1935 2111 1979; baseline -0.002 -9"><span class='ocrx_word' id='word_1_170' title='bbox 396 1940 519 1979; x_wconf 76' lang='lat' dir='ltr'><strong>plinam</strong></span> <span class='ocrx_word' id='word_1_171' title='bbox 529 1939 700 1975; x_wconf 78' lang='lat' dir='ltr'><strong>formatus,</strong></span> <span class='ocrx_word' id='word_1_172' title='bbox 714 1937 885 1976; x_wconf 83' lang='lat' dir='ltr'><strong>discipulos</strong></span> <span class='ocrx_word' id='word_1_173' title='bbox 903 1946 942 1966; x_wconf 86' lang='lat' dir='ltr'><strong>ex</strong></span> <span class='ocrx_word' id='word_1_174' title='bbox 955 1936 1118 1966; x_wconf 83' lang='lat' dir='ltr'><strong>Platonica</strong></span> <span class='ocrx_word' id='word_1_175' title='bbox 1139 1936 1281 1966; x_wconf 86' lang='lat' dir='ltr'><strong>doctrina</strong></span> <span class='ocrx_word' id='word_1_176' title='bbox 1298 1936 1339 1965; x_wconf 85' lang='lat' dir='ltr'><strong>ad</strong></span> <span class='ocrx_word' id='word_1_177' title='bbox 1350 1935 1585 1975; x_wconf 76' lang='lat' dir='ltr'><strong>Scepticismum</strong></span> <span class='ocrx_word' id='word_1_178' title='bbox 1606 1935 1784 1965; x_wconf 77' lang='lat' dir='ltr'><strong>instituere:</strong></span> <span class='ocrx_word' id='word_1_179' title='bbox 1800 1942 1846 1972; x_wconf 87' lang='lat' dir='ltr'><strong>et,</strong></span> <span class='ocrx_word' id='word_1_180' title='bbox 1862 1942 1898 1965; x_wconf 85' lang='lat' dir='ltr'><strong>ut</strong></span> <span class='ocrx_word' id='word_1_181' title='bbox 1913 1946 2111 1971; x_wconf 76' lang='lat' dir='ltr'><strong>successores,</strong></span> 
     </span>
     <span class='ocr_line' id='line_1_21' title="bbox 397 1987 2115 2029; baseline -0.002 -8"><span class='ocrx_word' id='word_1_182' title='bbox 397 2001 467 2021; x_wconf 86' lang='lat' dir='ltr'><strong>eum</strong></span> <span class='ocrx_word' id='word_1_183' title='bbox 481 1990 632 2029; x_wconf 82' lang='lat' dir='ltr'><strong>Sceptices</strong></span> <span class='ocrx_word' id='word_1_184' title='bbox 654 1988 760 2019; x_wconf 86' lang='lat' dir='ltr'><strong>studio</strong></span> <span class='ocrx_word' id='word_1_185' title='bbox 786 1988 925 2028; x_wconf 87' lang='lat' dir='ltr'><strong>aliquam</strong></span> <span class='ocrx_word' id='word_1_186' title='bbox 944 1988 1105 2017; x_wconf 65' lang='lat' dir='ltr'><strong>occultatas</strong></span> <span class='ocrx_word' id='word_1_187' title='bbox 1127 1988 1288 2017; x_wconf 74' lang='lat' dir='ltr'><strong>sententias</strong></span> <span class='ocrx_word' id='word_1_188' title='bbox 1311 1987 1566 2027; x_wconf 82' lang='lat' dir='ltr'><strong>probabilitatem</strong></span> <span class='ocrx_word' id='word_1_189' title='bbox 1592 1988 1789 2027; x_wconf 86' lang='lat' dir='ltr'><strong>conjungere.</strong></span> <span class='ocrx_word' id='word_1_190' title='bbox 1817 1988 1919 2025; x_wconf 87' lang='lat' dir='ltr'><strong>Quam</strong></span> <span class='ocrx_word' id='word_1_191' title='bbox 1948 1989 2115 2027; x_wconf 87' lang='lat' dir='ltr'><strong>probabili-</strong></span> 
     </span>
     <span class='ocr_line' id='line_1_22' title="bbox 397 2038 2113 2079; baseline -0.003 -6"><span class='ocrx_word' id='word_1_192' title='bbox 397 2048 511 2079; x_wconf 80' lang='lat' dir='ltr'><strong>tatem,</strong></span> <span class='ocrx_word' id='word_1_193' title='bbox 528 2041 584 2071; x_wconf 86' lang='lat' dir='ltr'><strong>ubi</strong></span> <span class='ocrx_word' id='word_1_194' title='bbox 601 2040 805 2071; x_wconf 76' lang='lat' dir='ltr'><strong>Academicus</strong></span> <span class='ocrx_word' id='word_1_195' title='bbox 820 2046 969 2079; x_wconf 86' lang='lat' dir='ltr'><strong>tanquam</strong></span> <span class='ocrx_word' id='word_1_196' title='bbox 981 2039 1186 2070; x_wconf 73' lang='lat' dir='ltr'><strong>Academicus</strong></span> <span class='ocrx_word' id='word_1_197' title='bbox 1199 2039 1396 2078; x_wconf 79' lang='lat' dir='ltr'><strong>disputabat,</strong></span> <span class='ocrx_word' id='word_1_198' title='bbox 1408 2038 1579 2078; x_wconf 80' lang='lat' dir='ltr'><strong>explicare,</strong></span> <span class='ocrx_word' id='word_1_199' title='bbox 1592 2038 1677 2067; x_wconf 86' lang='lat' dir='ltr'><strong>nihil</strong></span> <span class='ocrx_word' id='word_1_200' title='bbox 1696 2038 1847 2074; x_wconf 88' lang='lat' dir='ltr'><strong>attinuit,</strong></span> <span class='ocrx_word' id='word_1_201' title='bbox 1865 2045 1893 2068; x_wconf 87' lang='lat' dir='ltr'><strong>et</strong></span> <span class='ocrx_word' id='word_1_202' title='bbox 1906 2039 2113 2078; x_wconf 65' lang='lat' dir='ltr'><strong>philosophie</strong></span> 
     </span>
     <span class='ocr_line' id='line_1_23' title="bbox 398 2089 2115 2134; baseline -0.003 -11"><span class='ocrx_word' id='word_1_203' title='bbox 398 2092 523 2134; x_wconf 86' lang='lat' dir='ltr'><strong>iugenio</strong></span> <span class='ocrx_word' id='word_1_204' title='bbox 547 2092 611 2121; x_wconf 85' lang='lat' dir='ltr'><strong>fuit</strong></span> <span class='ocrx_word' id='word_1_205' title='bbox 633 2091 845 2121; x_wconf 87' lang='lat' dir='ltr'><strong>contrarium:</strong></span> <span class='ocrx_word' id='word_1_206' title='bbox 871 2090 923 2119; x_wconf 82' lang='lat' dir='ltr'><strong>sed</strong></span> <span class='ocrx_word' id='word_1_207' title='bbox 951 2090 1032 2119; x_wconf 84' lang='lat' dir='ltr'><strong>hanc</strong></span> <span class='ocrx_word' id='word_1_208' title='bbox 1054 2090 1160 2129; x_wconf 88' lang='lat' dir='ltr'><strong>potius</strong></span> <span class='ocrx_word' id='word_1_209' title='bbox 1179 2090 1334 2119; x_wconf 86' lang='lat' dir='ltr'><strong>rationem</strong></span> <span class='ocrx_word' id='word_1_210' title='bbox 1358 2099 1429 2119; x_wconf 88' lang='lat' dir='ltr'><strong>cum</strong></span> <span class='ocrx_word' id='word_1_211' title='bbox 1460 2089 1568 2118; x_wconf 74' lang='lat' dir='ltr'><strong>amieis</strong></span> <span class='ocrx_word' id='word_1_212' title='bbox 1590 2094 1620 2117; x_wconf 84' lang='lat' dir='ltr'><strong>et</strong></span> <span class='ocrx_word' id='word_1_213' title='bbox 1643 2089 1779 2125; x_wconf 85' lang='lat' dir='ltr'><strong>intimis,</strong></span> <span class='ocrx_word' id='word_1_214' title='bbox 1808 2089 1889 2117; x_wconf 84' lang='lat' dir='ltr'><strong>inter</strong></span> <span class='ocrx_word' id='word_1_215' title='bbox 1914 2098 1991 2127; x_wconf 84' lang='lat' dir='ltr'><strong>quos</strong></span> <span class='ocrx_word' id='word_1_216' title='bbox 2011 2090 2115 2128; x_wconf 81' lang='lat' dir='ltr'><strong>philo-</strong></span> 
     </span>
     <span class='ocr_line' id='line_1_24' title="bbox 397 2140 2112 2184; baseline -0.002 -10"><span class='ocrx_word' id='word_1_217' title='bbox 397 2144 487 2184; x_wconf 82' lang='lat' dir='ltr'><strong>sophi</strong></span> <span class='ocrx_word' id='word_1_218' title='bbox 506 2142 702 2174; x_wconf 85' lang='lat' dir='ltr'><strong>severitatem</strong></span> <span class='ocrx_word' id='word_1_219' title='bbox 721 2141 906 2182; x_wconf 83' lang='lat' dir='ltr'><strong>reliquerat,</strong></span> <span class='ocrx_word' id='word_1_220' title='bbox 926 2140 1174 2180; x_wconf 88' lang='lat' dir='ltr'><strong>communicare,</strong></span> <span class='ocrx_word' id='word_1_221' title='bbox 1191 2140 1439 2182; x_wconf 73' lang='lat' dir='ltr'><strong>sententiamque</strong></span> <span class='ocrx_word' id='word_1_222' title='bbox 1456 2140 1626 2183; x_wconf 89' lang='lat' dir='ltr'><strong>quamdam</strong></span> <span class='ocrx_word' id='word_1_223' title='bbox 1648 2150 1733 2171; x_wconf 84' lang='lat' dir='ltr'><strong>suam</strong></span> <span class='ocrx_word' id='word_1_224' title='bbox 1751 2140 1889 2171; x_wconf 85' lang='lat' dir='ltr'><strong>indicare</strong></span> <span class='ocrx_word' id='word_1_225' title='bbox 1902 2164 1909 2178; x_wconf 93' lang='lat'><strong>,</strong></span> <span class='ocrx_word' id='word_1_226' title='bbox 1934 2150 2029 2179; x_wconf 82' lang='lat' dir='ltr'><strong>quam</strong></span> <span class='ocrx_word' id='word_1_227' title='bbox 2048 2151 2112 2171; x_wconf 81' lang='lat' dir='ltr'><strong>non</strong></span> 
     </span>
     <span class='ocr_line' id='line_1_25' title="bbox 396 2191 2113 2233; baseline -0.002 -9"><span class='ocrx_word' id='word_1_228' title='bbox 396 2194 616 2233; x_wconf 83' lang='lat' dir='ltr'><strong>philosophica</strong></span> <span class='ocrx_word' id='word_1_229' title='bbox 638 2192 862 2229; x_wconf 73' lang='lat' dir='ltr'><strong>consideratio,</strong></span> <span class='ocrx_word' id='word_1_230' title='bbox 885 2192 939 2221; x_wconf 84' lang='lat' dir='ltr'><strong>sed</strong></span> <span class='ocrx_word' id='word_1_231' title='bbox 962 2192 1147 2230; x_wconf 84' lang='lat' dir='ltr'><strong>affectuum,</strong></span> <span class='ocrx_word' id='word_1_232' title='bbox 1173 2202 1250 2232; x_wconf 85' lang='lat' dir='ltr'><strong>quos</strong></span> <span class='ocrx_word' id='word_1_233' title='bbox 1272 2193 1405 2222; x_wconf 86' lang='lat' dir='ltr'><strong>rationis</strong></span> <span class='ocrx_word' id='word_1_234' title='bbox 1426 2192 1595 2231; x_wconf 86' lang='lat' dir='ltr'><strong>imperium</strong></span> <span class='ocrx_word' id='word_1_235' title='bbox 1617 2191 1737 2221; x_wconf 82' lang='lat' dir='ltr'><strong>frenare</strong></span> <span class='ocrx_word' id='word_1_236' title='bbox 1757 2197 1877 2230; x_wconf 82' lang='lat' dir='ltr'><strong>potest,</strong></span> <span class='ocrx_word' id='word_1_237' title='bbox 1898 2192 2028 2220; x_wconf 86' lang='lat' dir='ltr'><strong>evellere</strong></span> <span class='ocrx_word' id='word_1_238' title='bbox 2048 2200 2113 2221; x_wconf 84' lang='lat' dir='ltr'><strong>nou</strong></span> 
     </span>
     <span class='ocr_line' id='line_1_26' title="bbox 398 2242 2111 2286; baseline -0.002 -11"><span class='ocrx_word' id='word_1_239' title='bbox 398 2250 517 2286; x_wconf 77' lang='lat' dir='ltr'><strong>potest,</strong></span> <span class='ocrx_word' id='word_1_240' title='bbox 556 2244 715 2284; x_wconf 87' lang='lat' dir='ltr'><strong>impetus,</strong></span> <span class='ocrx_word' id='word_1_241' title='bbox 739 2248 770 2274; x_wconf 87' lang='lat' dir='ltr'><strong>et</strong></span> <span class='ocrx_word' id='word_1_242' title='bbox 790 2243 897 2284; x_wconf 87' lang='lat' dir='ltr'><strong>aliqua</strong></span> <span class='ocrx_word' id='word_1_243' title='bbox 919 2242 1206 2274; x_wconf 81' lang='lat' dir='ltr'><strong>verisimilitudinis</strong></span> <span class='ocrx_word' id='word_1_244' title='bbox 1226 2243 1340 2284; x_wconf 84' lang='lat' dir='ltr'><strong>species</strong></span> <span class='ocrx_word' id='word_1_245' title='bbox 1363 2242 1585 2274; x_wconf 81' lang='lat' dir='ltr'><strong>definivisset.”</strong></span> <span class='ocrx_word' id='word_1_246' title='bbox 1620 2245 1658 2273; x_wconf 81' lang='lat'><strong>111</strong></span> <span class='ocrx_word' id='word_1_247' title='bbox 1686 2242 1897 2282; x_wconf 83' lang='lat' dir='ltr'><strong>Responsione</strong></span> <span class='ocrx_word' id='word_1_248' title='bbox 1924 2242 1963 2272; x_wconf 86' lang='lat' dir='ltr'><strong>ad</strong></span> <span class='ocrx_word' id='word_1_249' title='bbox 1994 2242 2111 2281; x_wconf 74' lang='lat' dir='ltr'><strong>Quaest.</strong></span> 
     </span>
     <span class='ocr_line' id='line_1_27' title="bbox 399 2293 2112 2335; baseline -0.002 -10"><span class='ocrx_word' id='word_1_250' title='bbox 399 2296 516 2335; x_wconf 72' lang='lat' dir='ltr'><strong>philos.</strong></span> <span class='ocrx_word' id='word_1_251' title='bbox 540 2295 577 2324; x_wconf 89' lang='lat' dir='ltr'><strong>de</strong></span> <span class='ocrx_word' id='word_1_252' title='bbox 605 2305 640 2324; x_wconf 92' lang='lat' dir='ltr'><strong>eo</strong></span> <span class='ocrx_word' id='word_1_253' title='bbox 664 2295 748 2334; x_wconf 83' lang='lat' dir='ltr'><strong>quod</strong></span> <span class='ocrx_word' id='word_1_254' title='bbox 771 2295 805 2323; x_wconf 84' lang='lat' dir='ltr'><strong>in</strong></span> <span class='ocrx_word' id='word_1_255' title='bbox 828 2294 1013 2334; x_wconf 75' lang='lat' dir='ltr'><strong>dogmaticis</strong></span> <span class='ocrx_word' id='word_1_256' title='bbox 1034 2295 1253 2335; x_wconf 81' lang='lat' dir='ltr'><strong>oppugnandis</strong></span> <span class='ocrx_word' id='word_1_257' title='bbox 1276 2295 1358 2325; x_wconf 84' lang='lat' dir='ltr'><strong>inter</strong></span> <span class='ocrx_word' id='word_1_258' title='bbox 1377 2295 1579 2325; x_wconf 86' lang='lat' dir='ltr'><strong>Academicos</strong></span> <span class='ocrx_word' id='word_1_259' title='bbox 1601 2300 1631 2323; x_wconf 86' lang='lat' dir='ltr'><strong>et</strong></span> <span class='ocrx_word' id='word_1_260' title='bbox 1650 2294 1749 2332; x_wconf 83' lang='lat' dir='ltr'><strong>Scept.</strong></span> <span class='ocrx_word' id='word_1_261' title='bbox 1772 2293 1935 2328; x_wconf 80' lang='lat' dir='ltr'><strong>interfuit,</strong></span> <span class='ocrx_word' id='word_1_262' title='bbox 1960 2304 1988 2331; x_wconf 90' lang='lat' dir='ltr'><strong>p.</strong></span> <span class='ocrx_word' id='word_1_263' title='bbox 2012 2294 2049 2331; x_wconf 84' lang='lat'><strong>59</strong></span> <span class='ocrx_word' id='word_1_264' title='bbox 2067 2303 2112 2332; x_wconf 80' lang='lat' dir='ltr'><strong>sq.</strong></span> 
     </span>
     <span class='ocr_line' id='line_1_28' title="bbox 402 2345 1175 2387; baseline -0.003 -9"><span class='ocrx_word' id='word_1_265' title='bbox 402 2347 538 2387; x_wconf 69' lang='lat' dir='ltr'><strong>(annal.</strong></span> <span class='ocrx_word' id='word_1_266' title='bbox 561 2346 660 2377; x_wconf 87' lang='lat' dir='ltr'><strong>Acad.</strong></span> <span class='ocrx_word' id='word_1_267' title='bbox 682 2345 907 2387; x_wconf 82' lang='lat' dir='ltr'><strong>Lugd.-Batav.</strong></span> <span class='ocrx_word' id='word_1_268' title='bbox 937 2347 1041 2387; x_wconf 84' lang='lat'>1819-</span> <span class='ocrx_word' id='word_1_269' title='bbox 1063 2347 1175 2386; x_wconf 82' lang='lat'><em>1820.)</em></span> 
     </span>
    </p>

    <p class='ocr_par' dir='ltr' id='par_1_6' title="bbox 402 2397 2117 2544">
     <span class='ocr_line' id='line_1_29' title="bbox 480 2397 2115 2438; baseline -0.002 -10"><span class='ocrx_word' id='word_1_270' title='bbox 480 2400 524 2438; x_wconf 83' lang='lat'><strong>(1)</strong></span> <span class='ocrx_word' id='word_1_271' title='bbox 542 2400 608 2429; x_wconf 90' lang='lat' dir='ltr'><strong>Cic.</strong></span> <span class='ocrx_word' id='word_1_272' title='bbox 629 2399 750 2429; x_wconf 85' lang='lat' dir='ltr'><strong>Acadd.</strong></span> <span class='ocrx_word' id='word_1_273' title='bbox 765 2400 813 2436; x_wconf 82' lang='lat'><strong>11,</strong></span> <span class='ocrx_word' id='word_1_274' title='bbox 835 2398 889 2435; x_wconf 87' lang='lat'><strong>45,</strong></span> <span class='ocrx_word' id='word_1_275' title='bbox 913 2409 945 2438; x_wconf 87' lang='lat' dir='ltr'><strong>p.</strong></span> <span class='ocrx_word' id='word_1_276' title='bbox 966 2399 1034 2428; x_wconf 87' lang='lat'><strong>252.</strong></span> <span class='ocrx_word' id='word_1_277' title='bbox 1049 2399 1140 2428; x_wconf 86' lang='lat' dir='ltr'><strong>Unde</strong></span> <span class='ocrx_word' id='word_1_278' title='bbox 1157 2408 1222 2428; x_wconf 86' lang='lat' dir='ltr'><strong>non</strong></span> <span class='ocrx_word' id='word_1_279' title='bbox 1239 2399 1355 2428; x_wconf 89' lang='lat' dir='ltr'><strong>mirum</strong></span> <span class='ocrx_word' id='word_1_280' title='bbox 1373 2398 1475 2427; x_wconf 80' lang='lat' dir='ltr'><strong>videri</strong></span> <span class='ocrx_word' id='word_1_281' title='bbox 1493 2398 1597 2434; x_wconf 86' lang='lat' dir='ltr'><strong>debet,</strong></span> <span class='ocrx_word' id='word_1_282' title='bbox 1622 2397 1705 2437; x_wconf 88' lang='lat' dir='ltr'><strong>quod</strong></span> <span class='ocrx_word' id='word_1_283' title='bbox 1731 2397 1810 2426; x_wconf 90' lang='lat' dir='ltr'><strong>idem</strong></span> <span class='ocrx_word' id='word_1_284' title='bbox 1834 2397 1939 2426; x_wconf 86' lang='lat' dir='ltr'><strong>Cicero</strong></span> <span class='ocrx_word' id='word_1_285' title='bbox 1960 2397 2058 2426; x_wconf 85' lang='lat' dir='ltr'><strong>tradit</strong></span> <span class='ocrx_word' id='word_1_286' title='bbox 2077 2397 2115 2426; x_wconf 75' lang='lat' dir='ltr'><strong>de</strong></span> 
     </span>
     <span class='ocr_line' id='line_1_30' title="bbox 402 2447 2117 2490; baseline -0.003 -7"><span class='ocrx_word' id='word_1_287' title='bbox 402 2451 547 2483; x_wconf 85' lang='lat' dir='ltr'><strong>Divinat.</strong></span> <span class='ocrx_word' id='word_1_288' title='bbox 572 2453 605 2490; x_wconf 93' lang='lat'><strong>1,</strong></span> <span class='ocrx_word' id='word_1_289' title='bbox 626 2452 675 2490; x_wconf 86' lang='lat'><strong>57.</strong></span> <span class='ocrx_word' id='word_1_290' title='bbox 699 2449 899 2480; x_wconf 74' lang='lat' dir='ltr'><strong>»Carneades</strong></span> <span class='ocrx_word' id='word_1_291' title='bbox 920 2450 1161 2481; x_wconf 83' lang='lat' dir='ltr'><strong>concertationis</strong></span> <span class='ocrx_word' id='word_1_292' title='bbox 1180 2450 1284 2480; x_wconf 85' lang='lat' dir='ltr'><strong>studio</strong></span> <span class='ocrx_word' id='word_1_293' title='bbox 1304 2449 1397 2479; x_wconf 88' lang='lat' dir='ltr'><strong>modo</strong></span> <span class='ocrx_word' id='word_1_294' title='bbox 1418 2448 1463 2478; x_wconf 86' lang='lat' dir='ltr'><strong>ait</strong></span> <span class='ocrx_word' id='word_1_295' title='bbox 1483 2449 1557 2485; x_wconf 87' lang='lat' dir='ltr'><strong>hoc,</strong></span> <span class='ocrx_word' id='word_1_296' title='bbox 1581 2448 1674 2478; x_wconf 88' lang='lat' dir='ltr'><strong>modo</strong></span> <span class='ocrx_word' id='word_1_297' title='bbox 1698 2448 1813 2478; x_wconf 85' lang='lat' dir='ltr'><strong>illud.”</strong></span> <span class='ocrx_word' id='word_1_298' title='bbox 1835 2447 1927 2478; x_wconf 85' lang='lat' dir='ltr'><strong>Cous.</strong></span> <span class='ocrx_word' id='word_1_299' title='bbox 1956 2447 2117 2478; x_wconf 78' lang='lat' dir='ltr'><strong>AEneside—</strong></span> 
     </span>
     <span class='ocr_line' id='line_1_31' title="bbox 402 2500 1655 2544; baseline -0.004 -10"><span class='ocrx_word' id='word_1_300' title='bbox 402 2514 472 2535; x_wconf 73' lang='lat' dir='ltr'><strong>mus</strong></span> <span class='ocrx_word' id='word_1_301' title='bbox 493 2503 577 2544; x_wconf 85' lang='lat' dir='ltr'><strong>apud</strong></span> <span class='ocrx_word' id='word_1_302' title='bbox 598 2502 750 2533; x_wconf 89' lang='lat' dir='ltr'><strong>Photium</strong></span> <span class='ocrx_word' id='word_1_303' title='bbox 771 2503 805 2532; x_wconf 88' lang='lat' dir='ltr'><strong>in</strong></span> <span class='ocrx_word' id='word_1_304' title='bbox 825 2502 1037 2540; x_wconf 87' lang='lat' dir='ltr'><strong>Bibliotheca,</strong></span> <span class='ocrx_word' id='word_1_305' title='bbox 1060 2513 1092 2542; x_wconf 89' lang='lat' dir='ltr'><strong>p.</strong></span> <span class='ocrx_word' id='word_1_306' title='bbox 1111 2502 1183 2540; x_wconf 81' lang='lat'><strong>544,</strong></span> <span class='ocrx_word' id='word_1_307' title='bbox 1212 2502 1269 2532; x_wconf 85' lang='lat' dir='ltr'><strong>liu.</strong></span> <span class='ocrx_word' id='word_1_308' title='bbox 1291 2502 1326 2540; x_wconf 82' lang='lat'><strong>47</strong></span> <span class='ocrx_word' id='word_1_309' title='bbox 1349 2511 1415 2542; x_wconf 85' lang='lat' dir='ltr'><strong>sqq.</strong></span> <span class='ocrx_word' id='word_1_310' title='bbox 1438 2500 1513 2530; x_wconf 87' lang='lat' dir='ltr'><strong>edit.</strong></span> <span class='ocrx_word' id='word_1_311' title='bbox 1537 2500 1655 2530; x_wconf 83' lang='lat' dir='ltr'><strong>Schott.</strong></span> 
     </span>
    </p>

    <p class='ocr_par' dir='ltr' id='par_1_7' title="bbox 481 2553 1091 2596">
     <span class='ocr_line' id='line_1_32' title="bbox 481 2553 1091 2596; baseline -0.008 -10"><span class='ocrx_word' id='word_1_312' title='bbox 481 2557 524 2596; x_wconf 77' lang='lat'><strong>(2)</strong></span> <span class='ocrx_word' id='word_1_313' title='bbox 546 2554 655 2586; x_wconf 85' lang='lat' dir='ltr'><strong>Divin.</strong></span> <span class='ocrx_word' id='word_1_314' title='bbox 679 2553 784 2583; x_wconf 82' lang='lat' dir='ltr'><strong>Instit.</strong></span> <span class='ocrx_word' id='word_1_315' title='bbox 810 2553 866 2583; x_wconf 91' lang='lat' dir='ltr'><strong>lib.</strong></span> <span class='ocrx_word' id='word_1_316' title='bbox 890 2553 930 2584; x_wconf 84' lang='lat' dir='ltr'><strong>V.</strong></span> <span class='ocrx_word' id='word_1_317' title='bbox 950 2563 1017 2593; x_wconf 87' lang='lat' dir='ltr'><strong>cap.</strong></span> <span class='ocrx_word' id='word_1_318' title='bbox 1044 2553 1091 2582; x_wconf 82' lang='lat'><strong>18.</strong></span> 
     </span>
    </p>

    <p class='ocr_par' dir='ltr' id='par_1_8' title="bbox 483 2606 995 2648">
     <span class='ocr_line' id='line_1_33' title="bbox 483 2606 995 2648; baseline -0.008 -9"><span class='ocrx_word' id='word_1_319' title='bbox 483 2609 526 2648; x_wconf 82' lang='lat'><strong>(3)</strong></span> <span class='ocrx_word' id='word_1_320' title='bbox 547 2607 611 2639; x_wconf 89' lang='lat' dir='ltr'><strong>Cic.</strong></span> <span class='ocrx_word' id='word_1_321' title='bbox 632 2607 668 2637; x_wconf 87' lang='lat' dir='ltr'><strong>de</strong></span> <span class='ocrx_word' id='word_1_322' title='bbox 691 2606 765 2637; x_wconf 84' lang='lat' dir='ltr'><strong>Nat.</strong></span> <span class='ocrx_word' id='word_1_323' title='bbox 791 2606 883 2636; x_wconf 84' lang='lat' dir='ltr'><strong>Deor.</strong></span> <span class='ocrx_word' id='word_1_324' title='bbox 906 2607 937 2644; x_wconf 91' lang='lat'><strong>1,</strong></span> <span class='ocrx_word' id='word_1_325' title='bbox 967 2615 995 2635; x_wconf 83' lang='lat'><strong>2.</strong></span> 
     </span>
    </p>
   </div>
   <div class='ocr_carea' id='block_1_6' title="bbox 1539 2645 1559 2678">
    <p class='ocr_par' dir='ltr' id='par_1_9' title="bbox 1539 2645 1559 2678">
     <span class='ocr_line' id='line_1_34' title="bbox 1539 2645 1559 2678; baseline 0 0"><span class='ocrx_word' id='word_1_326' title='bbox 1539 2645 1559 2678; x_wconf 78' lang='lat'>3</span> 
     </span>
    </p>
   </div>
   <div class='ocr_carea' id='block_1_7' title="bbox 0 2690 2743 3301">
    <p class='ocr_par' dir='ltr' id='par_1_10' title="bbox 0 2690 2743 3301">
     <span class='ocr_line' id='line_1_35' title="bbox 0 2690 2743 3301; baseline 0 0"><span class='ocrx_word' id='word_1_327' title='bbox 0 2690 2743 3301; x_wconf 95' lang='lat' dir='ltr'><strong> </strong></span> 
     </span>
    </p>
   </div>
  </div>
 </body>
</html>
