2743 3301
1233 294 1383 349 (27)

457 409 542 439 mse
571 407 846 450 consequens,
879 399 928 435 ut
952 390 1057 433 nibil
1082 397 1240 446 ageret,
1272 391 1343 446 qui
1372 389 1479 431 nihil
1511 390 1767 447 approbaret.
1802 391 1926 435 Unde
1952 392 2160 437 dormien-

458 473 543 508 tem
568 478 729 521 semper
753 472 795 504 et
813 461 1036 504 officiorum
1060 459 1245 499 omnium
1268 458 1515 499 desertorem
1539 461 1762 517 sapientem
1785 478 1907 505 suum
1928 465 2161 508 Academici

458 534 686 577 describere
716 532 990 580 videbantur,
1029 542 1153 583 quem
1191 527 1296 567 nihil
1327 528 1552 582 approbare
1588 531 1846 571 censebant.”
1890 533 1997 573 Huic
2033 535 2161 587 igitur

459 601 696 663 objectioni,
723 608 772 643 ut
794 605 1029 641 occurreret
1050 595 1277 638 Carneades
1304 595 1469 654 δυνάμει
1488 598 1828 657 ἀπαναγκάζεται
1851 605 1917 646 καὶ
1935 604 2018 649 καθ’
2041 606 2160 648 αὑτὸν

456 675 545 726 περὶ
585 676 730 711 τούτου
779 670 1004 723 (κριτηρίου
1025 669 1038 720 )
1078 667 1394 717 διατάττεσθαι,
1436 669 1766 722 προσλαμβάνων
1804 671 1871 721 τήν
1915 688 1960 713 τε
2002 673 2160 724 πιθανὴν

457 739 716 795 φαντασίαν,
746 738 813 779 καὶ
839 737 906 789 τὴν
937 736 1093 788 πιθανὴν
1122 735 1214 791 ἅμα
1240 740 1307 779 καὶ
1335 737 1641 791 ἀπερίσπαστον
1666 745 1733 782 καὶ
1761 740 2059 793 διεξωδευμένην
2086 744 2158 795 (1).

457 806 755 849 Probabilitatis
774 807 912 861 itaque
934 806 1155 855 theoriam,
1188 819 1313 859 quam
1345 813 1512 856 vocant,
1544 807 1699 860 primus
1732 807 1913 847 condidit
1934 808 2013 862 (2),
2045 823 2159 849 eam-

459 891 541 933 que
566 877 816 931 comparavit
834 890 917 916 non
939 874 1070 915 solum
1092 874 1142 914 ad
1163 876 1288 915 vitam
1309 875 1600 915 traducendam
1625 877 1708 930 (3),
1731 884 1771 917 et
1797 877 1847 916 ad
1871 879 2160 931 acquirendam

458 946 696 987 felicitatem
720 945 808 998 (4),
842 943 912 985 sed
938 944 1059 985 etiam
1093 942 1142 983 ad
1169 943 1321 984 sciendi
1350 943 1701 1002 cognoscendique
1738 945 1977 987 facultatem
2008 945 2162 1003 guber—

458 1016 635 1057 nandam
661 1015 737 1067 (5).
775 1015 881 1063 Quae
910 1015 962 1052 sit
989 1015 1116 1067 igitur
1148 1014 1235 1052 haec
1266 1014 1317 1052 de
1350 1014 1625 1067 probabilibus
1657 1015 1860 1064 doctrina,
1893 1023 2079 1055 nostrum
2102 1024 2164 1056 est

458 1082 528 1126 hic
557 1096 764 1126 enarrare:
798 1089 841 1124 et
870 1081 947 1123 hac
972 1081 1017 1123 in
1046 1096 1091 1124 re
1120 1081 1290 1124 Sextum
1317 1082 1572 1139 Empiricum
1604 1085 1781 1126 maxime
1812 1099 2057 1140 sequemur,
2088 1086 2161 1141 qui

461 1167 550 1191 eam
576 1153 712 1192 dedita
742 1165 865 1206 opera
895 1151 1106 1206 explicuit.

1224 1297 1254 1352 g
1302 1297 1392 1337 vn.

519 1443 625 1483 Cum
658 1443 874 1484 Phantasia
916 1455 1003 1482 rem
1037 1441 1245 1496 duplicem
1286 1450 1570 1498 repraesentet,
1605 1442 1809 1499 objectum
1845 1458 2015 1499 nempe,
2049 1444 2160 1499 quod

460 1510 675 1551 Phantasia
698 1510 1041 1565 apprehenditur,
1060 1517 1102 1549 et
1119 1509 1368 1565 subjectum,
1386 1511 1495 1566 quod
1515 1512 1624 1551 illam
1646 1513 1810 1567 accipit:
1826 1512 1981 1567 duplici
1996 1526 2162 1566 quoque

461 1580 618 1619 ratione
656 1578 724 1618 illa
766 1586 899 1633 potest
940 1577 1184 1618 considerari
1216 1578 1288 1633 (6).
1337 1580 1389 1618 Et
1424 1579 1571 1636 objecti
1608 1580 1774 1635 quidem
1808 1582 1965 1620 ratione
1999 1579 2158 1630 habita,

460 1646 677 1685 Phantasia
703 1653 764 1684 est
792 1645 857 1685 vel
883 1660 982 1684 vera
1001 1645 1015 1698 (
1032 1645 1196 1698 ἀληθὴς)
1213 1676 1223 1695 ,
1257 1646 1322 1686 vel
1340 1646 1470 1701 falsa
1501 1646 1672 1700 (ψευδὴς
1684 1649 1712 1702 ).
1745 1647 1853 1687 Vera
1870 1678 1880 1698 ‚
1910 1648 2053 1686 sicum
2075 1648 2160 1701 ipso

463 1712 619 1769 objecto
637 1713 844 1767 congruit,
865 1712 962 1752 falsa
977 1714 1009 1753 si
1029 1728 1110 1754 non
1130 1715 1332 1769 congruit.
1355 1713 1538 1770 Subiecti
1558 1729 1655 1755 vero
1675 1715 1873 1755 rationem
1891 1715 1921 1754 si
1942 1713 2133 1754 habueris
2147 1746 2157 1765 ‚

461 1781 538 1821 alia
557 1789 617 1821 est
635 1796 747 1835 quae
765 1789 947 1833 apparet
979 1795 1079 1821 vera
1108 1784 1157 1836 (ἡ
1176 1783 1395 1835 φαινομένη
1423 1783 1591 1836 ἀληθὴς)
1607 1812 1617 1832 ‚
1645 1782 1718 1821 alia
1745 1797 1857 1836 quae
1875 1797 1957 1821 non
1981 1791 2163 1834 apparet

538 1947 579 1984 (1)
599 1946 710 1976 Sextus
731 1945 848 1984 Empir.
872 1945 945 1975 adv.
970 1944 1120 1974 Mathem.
1149 1944 1222 1974 V11.
1244 1945 1260 1982 §
1283 1945 1346 1974 166.
1368 1956 1399 1984 p.
1421 1946 1488 1975 405.

538 1997 581 2034 (2)
604 1996 772 2035 Insigniter
802 1996 886 2025 enim
915 2001 1038 2030 errant,
1070 1994 1125 2034 qui
1146 1995 1212 2031 ejus
1243 1995 1394 2035 originem
1423 1998 1462 2026 ab
1493 1996 1630 2026 Arcesila
1657 2002 1822 2036 repetunt,
1858 1998 1944 2027 Sexti
1973 1998 2039 2027 loco
2067 1998 2160 2036 (adv.

460 2046 611 2077 Mathem.
634 2046 707 2075 Vll.
730 2046 747 2084 §
769 2046 840 2084 56.)
867 2045 1003 2075 maxime
1025 2045 1058 2074 in
1078 2055 1210 2075 errorem
1231 2046 1370 2084 inducti,
1391 2048 1445 2077 ubi
1463 2047 1497 2080 τὲ
1524 2047 1644 2086 εὔλογα,
1667 2049 1746 2077 idem
1765 2049 1867 2078 valere
1883 2050 1966 2088 quod
1976 2050 2161 2087 probabile,

460 2105 513 2126 neu
534 2096 723 2132 verisimIle,
750 2095 895 2125 arbitrati
917 2101 1002 2125 nunt.
1028 2096 1127 2133 Quem
1154 2106 1287 2127 errorem
1311 2104 1390 2128 recte
1404 2099 1529 2129 notavit
1551 2099 1601 2128 Fr.
1629 2099 1670 2129 D.
1693 2099 1838 2129 Gerlach.
1862 2099 1902 2129 V.
1925 2099 1984 2134 D„
2005 2100 2062 2138 qui
2082 2100 2165 2129 hanc

459 2146 604 2177 Arcesilae
623 2144 703 2186 περὶ
730 2144 872 2183 ειῖλογίιις
894 2146 1139 2185 disputationem
1160 2155 1248 2178 acute
1268 2155 1299 2178 et
1321 2149 1409 2179 docte
1443 2151 1594 2189 explicuit
1621 2150 1654 2180 in
1681 2150 1949 2180 commentatione
1970 2150 2157 2179 exhibente:

460 2196 718 2226 Academicorum
742 2197 923 2232 juniorum,
949 2198 983 2226 in
1006 2198 1115 2235 primis
1135 2198 1279 2228 Arcesilae
1299 2206 1391 2239 atque
1410 2201 1593 2236 Carneadia,
1616 2201 1652 2230 de
1670 2201 1887 2239 probabilitate
1913 2200 2159 2237 disputationes,

462 2246 563 2279 denuo
586 2246 771 2283 recensitas,
795 2247 999 2285 examinatas*
1017 2248 1062 2278 et*⁴
1071 2259 1141 2279 cum
1163 2250 1370 2282 recentiorum
1393 2252 1668 2293 philosophorum,
1704 2253 1758 2294 qui
1779 2252 2010 2293 probabilitati·
2037 2262 2161 2283 cautam

460 2306 674 2338 succeperunt,
695 2301 858 2329 sententiis
875 2308 1079 2340 comparatae.
1091 2302 1127 2331 P.
1148 2313 1182 2332 ιο
1200 2313 1267 2342 sqq.

537 2352 587 2388 (3)
609 2350 802 2389 Augustinus
819 2357 902 2380 cont.
924 2352 1022 2381 Acad.
1047 2354 1112 2389 111,
1140 2364 1166 2382 1.
1186 2355 1268 2394 Opp.
1288 2355 1326 2384 T.
1354 2357 1379 2384 1.
1402 2364 1432 2396 p.
1457 2357 1523 2386 205.
1550 2356 1585 2386 B.

539 2403 587 2447 (4)
604 2402 690 2432 Idem
713 2409 822 2433 contra
843 2403 941 2434 Acad.
966 2407 998 2442 1,
1022 2406 1050 2435 3.
1074 2416 1104 2445 p.
1129 2407 1192 2445 189.
1214 2408 1247 2436 F.
1273 2407 1423 2438 »Placuit
1446 2408 1530 2438 enim
1552 2408 1692 2438 Ciceroni
1711 2413 1820 2437 nostro
1839 2407 1931 2444 (item
1952 2406 2109 2437 Carneadi
2130 2414 2165 2436 ut

462 2465 499 2484 ex
519 2454 762 2493 praecedentibus
782 2455 962 2496 colligitur)
986 2457 1110 2486 beatum
1124 2468 1202 2494 esse,
1221 2459 1275 2499 qui
1298 2459 1460 2490 veritatem
1478 2460 1659 2501 investigat,
1675 2460 1796 2491 etiamsi
1813 2460 1854 2490 ad
1869 2459 2164 2497 cimina-tionem

462 2517 527 2538 non
545 2507 650 2537 valeat
669 2507 861 2546 pervenire.'‘

541 2559 583 2597 (5)
603 2557 666 2587 Cic.
689 2557 810 2587 Acadd.
836 2560 886 2597 11,
915 2568 959 2588 io.
982 2569 1015 2598 p.
1042 2570 1158 2602 109⁸q.
1183 2561 1254 2592 coll.
1282 2562 1324 2592 de
1336 2561 1412 2593 Nat.
1439 2561 1532 2594 Deor-
1550 2566 1586 2600 Ι,
1613 2564 1640 2594 5-

541 2610 598 2649 (6)
617 2610 679 2640 Cic.
706 2609 826 2640 Acadd.
850 2613 899 2645 ΙΙ,
922 2611 969 2640 31.
989 2621 1020 2650 p.
1048 2622 1114 2651 ¹90·
