2743 3301
995 550 1287 639 PARS
1411 551 1794 637 PRIOR.

758 995 880 1071 De
928 966 1121 1068 ‘Vita
1181 1009 1247 1063 et
1303 968 1541 1062 Rebus
1612 985 2035 1059 Carneadis,

1347 1217 1500 1273 51.v

539 1354 663 1432 CUM
694 1386 949 1432 consuetudo
976 1387 1034 1427 ita
1059 1384 1187 1435 ferat,
1213 1390 1287 1434 ut,
1322 1380 1396 1437 qui
1427 1379 1479 1421 de
1514 1380 1660 1422 veteris
1692 1377 1867 1436 alicujus
1897 1375 2131 1433 philosophi
2156 1376 2257 1418 reli—

535 1462 643 1520 quiis
671 1459 868 1501 doctrinae
899 1462 1099 1512 exponat,
1136 1454 1229 1495 vitae
1257 1452 1382 1492 etiam
1413 1449 1502 1509 ejus
1525 1449 1705 1504 aliquam
1739 1447 2039 1487 enarrationem
2066 1444 2254 1501 adjiciat3

534 1546 619 1572 non
646 1526 974 1585 reprehendent,
1007 1537 1219 1579 speramus
1233 1553 1245 1573 ,
1280 1520 1489 1562 clarissimi
1523 1518 1650 1574 hujus
1683 1514 2047 1571 disputatiunculae
2076 1512 2255 1571 judices,

535 1602 569 1643 si
594 1600 702 1642 hanc
736 1593 1081 1640 consuetudinem
1106 1599 1155 1634 ‘et
1189 1590 1266 1649 ipsi
1295 1587 1607 1631 servaverimus.
1650 1585 1704 1626 Et
1739 1582 1865 1625 habet
1903 1582 2089 1639 profecto
2121 1580 2257 1623 brevis

534 1670 593 1709 de·
612 1669 808 1724 ingenio,
846 1664 1105 1705 institutione
1119 1692 1131 1713 ‚
1167 1658 1350 1700 moribus
1380 1658 1611 1711 ceterisque
1649 1653 1870 1693 Carneadis
1905 1652 2030 1693 rebus
2054 1653 2253 1706 expositio

534 1752 609 1795 per
633 1750 676 1778 se
698 1733 855 1792 aliquid
877 1729 1165 1792 jucunditatis,
1191 1742 1270 1769 nec
1295 1740 1445 1784 parum
1470 1724 1541 1766 illa
1568 1723 1706 1765 facere
1731 1721 1897 1781 videtur
1919 1720 1971 1762 ad
1997 1720 2255 1777 perspicien—

535 1807 630 1848 dam
661 1793 892 1846 accuratius
926 1797 1320 1857 dijudicandamque
1353 1794 1607 1851 peculiarem
1642 1792 1909 1849 philosophiae
1937 1790 2028 1849 ejus
2055 1791 2253 1832 indolem.

483 1871 485 1874 ’
533 1876 681 1932 Neque
713 1888 811 1916 vero
842 1872 1010 1926 exigere
1042 1867 1248 1925 quispiam
1278 1881 1301 1907 a
1329 1864 1446 1907 nobis
1476 1869 1629 1920 potest,
1666 1868 1715 1902 ut
1745 1866 1882 1901 nostra
1914 1859 2005 1901 haec
2035 1859 2256 1916 descriptio

535 1945 644 2002 justo
673 1941 796 1982 modo
827 1940 1044 1993 formaque
1078 1942 1334 1977 contexatur.
1367 1933 1473 1983 Quae
1505 1932 1619 1972 enim
1648 1931 1695 1970 in
1723 1937 1839 1969 tanta
1869 1929 2119 1984 scriptorum
2133 1959 2145 1980 ,
2182 1930 2257 1984 qui

535 2010 875 2069 pbilosophorum
903 2008 1007 2049 vitas
1035 2004 1349 2060 explicuerunt,
1374 2000 1533 2058 jactura
1565 1999 1616 2040 de
1648 1996 1859 2038 Carneade
1884 2004 2111 2039 occurrunt
2134 2011 2255 2038 men—

535 2082 687 2134 tiones,
725 2075 926 2137 ejusmodi
959 2081 1083 2127 sunt,
1115 2080 1162 2116 ut
1198 2086 1250 2115 ex
1283 2071 1333 2113 iis
1367 2069 1504 2113 brevis
1537 2074 1702 2109 tantum
1736 2064 1827 2124 ejus
1864 2066 1959 2108 vitae
1996 2064 2254 2107 adumbratio

536 2149 713 2193 obtineri
741 2153 887 2203 queat,
918 2146 964 2185 in
992 2158 1074 2200 qua
1102 2144 1229 2184 etiam
1256 2138 1506 2183 ,delineanda
1535 2153 1632 2189 nOS,
1670 2135 1805 2192 quoad
1839 2134 1930 2192 ejus
1962 2136 2053 2176 fieri
2082 2136 2253 2191 poterit,

531 2217 727 2263 brevitati
752 2213 1023 2258 studebimus.

1333 2388 1457 2445 §11-

594 2534 656 2576 Ut
681 2540 822 2576 autem
854 2531 920 2574 via
940 2537 989 2571 et
1011 2529 1171 2571 ratione
1197 2517 1534 2583 progrediamur,
1569 2522 1615 2562 in
1636 2522 1721 2577 ipsa
1752 2520 1888 2576 operis
1912 2520 2051 2562 fronte
2080 2520 2253 2562 definia-

540 2618 634 2647 mus
657 2615 822 2643 necesse
847 2607 926 2650 est,
954 2598 1047 2655 quis
1075 2596 1206 2637 fuerit
1227 2592 1458 2634 Carneades
1481 2591 1574 2642 ille,
1604 2589 1656 2630 de
1687 2603 1772 2645 quo
1803 2589 1979 2645 agimus.
2018 2589 2096 2630 Cui
2120 2588 2253 2629 officio

540 2672 793 2717 satisfactum
819 2684 842 2710 a
866 2666 983 2709 nobis
1006 2679 1092 2708 esse
1113 2662 1426 2715 arbitrabimur,
1455 2660 1490 2702 si
1513 2659 1641 2717 ipsius
1667 2665 1848 2715 patrem,
1871 2658 2067 2715 patriam,
2089 2665 2253 2700 aetatem
