2743 3301
1430 290 1583 346 (4²)

649 403 674 428 »
693 388 757 428 De
783 386 888 427 bona
920 391 1060 425 autem
1087 383 1196 424 fama
1224 383 1378 441 (quam
1413 386 1526 429 enim
1552 389 1763 445 appellant
1795 384 1995 448 εὐδοξίαν,
2029 398 2166 454 aptius
2197 408 2257 442 est
2283 400 2362 444 hoc

648 457 738 497 loco
766 456 917 496 bonam
947 454 1102 494 famam
1141 454 1350 511 appellare
1367 487 1379 509 ,
1426 471 1552 512 quam
1583 457 1785 517 gloriam)
1824 451 2078 521 Chrysippus
2116 467 2287 523 quidem
2320 479 2362 512 et

648 525 872 579 Diogenes,
892 521 1082 564 detracta·
1099 522 1298 575 utilitate,
1325 539 1380 565 ne
1405 525 1583 580 digitum
1602 528 1773 583 quidem
1798 530 1887 588 ejus
1906 546 2044 573 caussa
2063 518 2361 591 porrigendum

647 605 731 632 esse
756 590 959 631 dicebant.
985 590 1149 642 Quibus
1168 605 1244 647 ego
1266 591 1534 633 vehementer
1557 596 1766 639 assentior.
1788 597 1875 650 Qui
1899 606 2040 643 autem
2058 609 2149 658 post
2169 616 2237 645 eos
2261 604 2361 647 fue-

645 671 766 713 runt,
790 677 924 717 quum
948 660 1199 702 Carneadem
1226 662 1428 702 sustinere
1451 676 1535 702 non
1555 652 1894 719 possensshanc,
1920 682 2044 724 quam
2065 670 2175 722 dixi,
2209 671 2358 714 bonam

645 731 820 782 famam,
844 731 975 786 ipsam
1001 737 1169 786 propter
1194 743 1237 770 se
1263 730 1521 785 praepositam
1544 736 1586 770 et
1610 732 1854 774 sumendam
1881 749 1967 776 esse
1996 736 2217 791 dixerunt,
2249 753 2358 781 esse-

640 814 727 854 que
754 799 933 840 hominis
958 800 1130 855 ingenui
1158 807 1200 839 et
1228 798 1452 839 liberaliter
1479 798 1643 840 educati
1658 830 1669 850 ,
1706 799 1815 840 velle
1842 799 1950 843 bene
1976 804 2121 846 audire
2153 821 2176 846 a
2206 822 2380 864 paren-‘

647 867 775 919 tibus,
799 883 821 908 a
845 869 1109 924 propinquis,
1139 883 1161 908 a
1189 867 1305 908 bonis
1333 868 1458 909 etiam
1481 868 1600 920 viris,
1629 868 1756 924 idque
1781 878 1950 926 propter
1975 887 2064 914 rem
2089 875 2242 930 ipsam,
2271 892 2354 919 non

645 945 814 992 propter
843 951 992 978 usum:
1028 937 1280 992 dicuntque,
1307 944 1357 976 ut
1384 936 1523 977 liberis
1553 936 1789 978 consultum
1821 938 2017 993 velimus,
2049 942 2174 984 etiam
2203 944 2236 985 si
2260 960 2358 1001 pos-

644 1007 749 1046 tumi
777 1005 913 1047 futuri
938 1006 1046 1057 sint,
1084 1013 1252 1062 propter
1285 1006 1419 1061 ipsos:
1453 1007 1510 1046 sic
1536 1006 1691 1047 futurae
1730 1015 1821 1063 post
1856 1016 2033 1052 mortem
2063 1011 2186 1054 famae
2215 1020 2354 1055 tamen

644 1089 729 1116 esse
756 1083 924 1132 propter
955 1090 1066 1128 rem,
1093 1076 1218 1117 etiam
1242 1075 1424 1117 detracto
1451 1090 1553 1129 usu,
1581 1074 1906 1120 consulendum’'
1929 1076 2007 1135 (1).

1422 1259 1453 1314 ς
1500 1260 1572 1301 lv.

696 1421 788 1461 Jam
817 1434 866 1460 eo
894 1420 1097 1475 progressi
1123 1433 1289 1470 sumus,
1323 1427 1372 1459 ut
1402 1418 1519 1459 nobis
1543 1419 1798 1461 solummodo
1828 1422 2075 1464 excutienda
2102 1431 2229 1465 restet
2249 1423 2351 1466 Car—

639 1489 780 1531 neadis
804 1496 945 1530 contra
965 1488 1165 1546 justitiam
1186 1487 1423 1543 disputatio.
1458 1487 1564 1529 Cum
1590 1489 1702 1529 enim
1728 1489 1865 1532 Romae
1889 1491 2049 1547 legatus
2073 1501 2198 1542 esset,
2225 1493 2353 1534 lucu-

639 1559 863 1599 lentissime
897 1572 972 1614 pro
1000 1557 1156 1614 justitia
1190 1557 1383 1598 disseruit
1398 1587 1409 1608 ,
1457 1556 1732 1614 eamdemque
1768 1559 1962 1614 postridie
1995 1574 2079 1602 non
2122 1560 2351 1604 minoribus

640 1626 797 1668 viribus
838 1627 1029 1668 funditus
1065 1627 1227 1668 evertit.
1270 1626 1413 1667 Cicero
1452 1626 1497 1666 in
1535 1628 1663 1667 tertio
1688 1627 1792 1667 libro
1824 1628 1875 1668 de
1913 1629 2136 1683 Republica
2174 1630 2350 1669 Furium

638 1695 776 1735 Pilum
807 1695 1097 1735 introduxerat
1129 1694 1347 1736 Carneadis
1383 1694 1507 1736 verba
1542 1694 1825 1735 recordantem
1841 1725 1852 1746 ‚
1885 1694 2180 1752 injustitiaeque
2211 1703 2347 1751 partes

638 1772 828 1819 agentem
854 1763 929 1818 (2).
971 1763 1051 1804 Sed
1079 1762 1170 1819 ejus
1199 1764 1391 1803 orationis
1420 1777 1505 1803 non
1542 1764 1620 1803 uisi
1653 1764 1810 1820 aliquot
1842 1764 2077 1819 particulae,
2109 1764 2348 1820 eaedemque

636 1834 795 1874 mutilae
823 1833 973 1875 codicis
993 1825 1184 1874 Vaticani
1210 1830 1411 1873 beneflcio
1442 1831 1559 1872 nobis
1584 1840 1753 1874 servatae
1785 1840 1895 1874 sunt.
1942 1833 2090 1874 Fontes
2117 1847 2215 1875 vero
2242 1833 2350 1874 ube-

635 1903 761 1942 riores
787 1901 903 1942 nobis
924 1909 1087 1943 exstant
1106 1900 1383 1956 Augustinus,
1410 1907 1453 1939 et
1475 1901 1702 1954 praesertim
1724 1901 1980 1952 Lactantius,
2005 1902 2078 1957 q'ui
2101 1902 2224 1943 etiam
2245 1916 2349 1943 con·-

636 1970 786 2010 fectam
814 1984 837 2010 a
860 1984 903 2010 se
924 1970 1049 2011 totius
1068 1969 1355 2025 disputationis
1376 1983 1581 2009 summam
1606 1968 1789 2023 reliquit.
1820 1968 1883 2009 Ne
1905 1970 2034 2023 igitur
2054 1971 2146 2023 quis
2163 1971 2348 2024 iniquius

636 2038 764 2088 ferat,
794 2038 827 2077 si
857 2038 900 2077 in
925 2050 972 2077 ea
998 2037 1240 2092 explicanda
1270 2036 1439 2078 illorum
1468 2038 1712 2092 scriptorum
1742 2036 1974 2092 pedissequi
2005 2037 2152 2087 simus,
2183 2045 2226 2077 et
2253 2052 2346 2093 quae

635 2106 686 2145 ab
705 2107 756 2145 iis
776 2114 875 2146 sunt
893 2105 1062 2155 tradita,
1088 2106 1297 2161 ipsissimis
1322 2105 1456 2147 verbis
1477 2104 1809 2145 transm-ibamus.
1844 2104 2074 2145 Carneades
2105 2118 2221 2155 vero,
2248 2119 2345 2157 curn

634 2174 769 2214 refelli
803 2187 921 2230 posse
954 2173 1232 2229 intelligeret,
1276 2187 1370 2229 quae
1406 2187 1428 2213 a
1465 2172 1655 2229 plurimis
1697 2172 1949 2228 philosophis
1967 2203 1979 2224 ,
2020 2173 2283 2229 maximeque
2319 2189 2344 2214 a

633 2243 806 2284 Platone
845 2251 888 2284 et
923 2244 1143 2284 Aristotele
1173 2259 1248 2299 pro
1283 2242 1435 2299 justitia
1476 2242 1582 2282 dicta
1615 2249 1734 2282 erant
1748 2271 1760 2292 ,
1794 2240 2083 2282 verisimilibus
2118 2241 2344 2282 rationibus

634 2311 916 2367 exemplisque
935 2311 1150 2353 ostendere
1164 2318 1334 2352 conatus
1346 2318 1429 2361 est,
1452 2311 1547 2350 istos
1565 2309 1731 2366 justitiae
1752 2317 1944 2365 patronos
1964 2309 2070 2350 nihil
2094 2311 2194 2350 certi
2206 2341 2217 2361 ,
2237 2311 2342 2352 nihil

634 2379 761 2430 firmi,
779 2379 831 2419 de
848 2393 896 2420 ea
912 2379 1182 2435 disputavisse
1200 2379 1274 2434 (3)
1291 2378 1429 2429 Quam
1444 2373 1605 2419 fortiter
1623 2385 1763 2419 autem
1781 2377 1888 2419 hanc
1907 2379 1951 2419 in
1972 2391 2061 2419 rem
2080 2377 2340 2431 incubuerit,

710 2520 753 2558 (1)
774 2521 837 2550 Cic.
862 2521 899 2551 de
920 2521 1023 2551 Finib.
1048 2524 1116 2559 111,
1147 2532 1193 2561 ¹7·

709 2574 752 2611 (2)
774 2573 956 2603 Lactantius
978 2574 1088 2603 Divin.
1110 2575 1216 2604 lustit.
1232 2575 1273 2611 V,
1292 2575 1327 2604 15
1343 2580 1374 2605 et
1393 2576 1438 2605 18.
1452 2575 1543 2606 Cous.
1562 2575 1626 2606 cie.
1647 2574 1685 2604 de
1705 2574 1870 2613 Republic.
1889 2576 1957 2612 ΙΙΙ,
1977 2575 2006 2605 5.
2030 2585 2061 2614 p.
2081 2576 2146 2614 ¹49·
2168 2574 2218 2604 ed.
2240 2573 2338 2604 Paris.

707 2626 751 2664 (3)
772 2625 917 2655 Laetam.
938 2624 1075 2664 Epitom.
1098 2636 1166 2665 cap.
1190 2627 1239 2657 55.
1263 2626 1351 2657 Idem
1378 2627 1483 2658 Instit.
1502 2627 1544 2665 V,
1570 2627 1603 2656 15
1619 2638 1625 2656 ε
1642 2638 1660 2656 1>
1674 2626 1848 2656 Carneadea
1870 2632 1974 2657 autem
1987 2649 1996 2663 ,
2020 2633 2057 2657 ut
2074 2625 2274 2656 Aristotelem
2294 2636 2338 2655 ro-
