2743 3301
1250 323 1403 377 (Μ)

461 498 1512 516 mwwwmmwmmnmszmwm
1522 499 1994 515 mmmmm
2002 496 2186 515 mus&

851 636 1169 696 CAPUT
1255 639 1809 702 SECUNDUM.

1034 798 1237 842 LOGICA
1287 798 1601 841 CARNEADIS.

1270 1086 1378 1141 §1-

517 1184 650 1223 Stoica
672 1184 777 1223 ratio
805 1196 854 1221 eo
872 1189 1147 1236 spectaverat,
1177 1189 1225 1221 ut
1251 1180 1426 1220 stabilita
1453 1181 1542 1222 veri
1568 1183 1783 1222 existentia
1809 1181 2078 1238 philosophiae
2098 1198 2190 1223 mo-

463 1252 560 1295 ralis
583 1252 873 1293 auctoritatem
894 1250 1191 1301 communiret,
1220 1255 1261 1290 et
1281 1249 1407 1290 totius
1428 1248 1624 1291 doctrinae
1646 1247 1864 1292 aedificiufn
1886 1250 1930 1290 in
1948 1250 2165 1291 Phantasia
2178 1283 2189 1304 ,

458 1331 658 1378 tanquam
673 1320 969 1371 fundamento,
988 1327 1247 1361 exstruxerat
1268 1319 1342 1373 (1).
1375 1318 1609 1359 Academici
1635 1326 1775 1359 contra
1800 1317 2092 1372 ἀκαταληψίαν
2116 1334 2191 1361 seu

460 1387 996 1446 incomprehensibilitatem
1013 1418 1024 1439 ‚
1067 1402 1160 1443 quae
1198 1386 1304 1427 nihil
1339 1386 1454 1427 aliud
1488 1395 1568 1438 est,
1609 1388 1687 1427 nisi
1720 1389 1922 1429 contraria
1953 1389 2190 1429 enunciatio

460 1459 690 1500 definitioni
728 1458 896 1507 Stoicae,
927 1458 1133 1498 universae
1163 1455 1429 1496 dubitationis
1461 1456 1715 1511 principium
1743 1464 1979 1497 statuerunt
2012 1457 2087 1512 (2).
2138 1458 2191 1497 Et

461 1527 662 1568 Arcesilas
692 1525 863 1582 quidem
891 1523 966 1565 sibi
994 1540 1090 1565 cum
1123 1525 1290 1565 Zenone
1317 1539 1440 1566 omne
1473 1532 1682 1565 certamen
1714 1526 1950 1566 instituerat
1969 1525 2052 1580 (3);
2089 1524 2191 1565 Car-

461 1595 613 1636 neades
634 1608 732 1637 vero
757 1593 920 1649 longius
948 1608 1205 1649 progressus,
1238 1607 1322 1633 non
1354 1593 1499 1633 Stoicis
1527 1593 1682 1645 solum,
1718 1593 1789 1633 sed
1820 1594 1945 1634 etiam
1972 1592 2162 1634 omnibus
2178 1624 2189 1644 ‚

459 1665 533 1719 qui
571 1664 710 1718 ipsum
744 1669 1058 1717 praecesserant,
1101 1662 1152 1702 de
1186 1663 1274 1704 veri
1311 1661 1488 1717 falsique
1525 1670 1622 1702 nota
1663 1664 1908 1703 contrariam
1941 1663 2189 1703 sententiam

459 1731 675 1787 opposuit,
713 1730 1002 1783 rationemque
1032 1737 1074 1769 et
1098 1744 1262 1770 sensum
1288 1730 1350 1783 (4)
1381 1737 1423 1769 et
1449 1730 1712 1772 Phantasiam
1742 1740 1962 1787 ceteraque
1986 1732 2123 1771 omnia
2146 1733 2189 1770 in

460 1800 614 1856 judicio
645 1798 735 1840 veri
765 1812 839 1838 nos
864 1797 1010 1837 fallere
1039 1797 1257 1841 affirmavit
1277 1798 1355 1852 (5).

539 1934 598 1971 (ι)
619 1932 773 1970 Diogenes
794 1931 953 1965 Laenius,
976 1930 1032 1959 lib.
1053 1931 1128 1960 V11.
1154 1931 1255 1970 Segm.
1277 1931 1331 1970 49,
1357 1930 1397 1961 ad
1414 1940 1548 1970 eumque
1565 1931 1836 1961 Aldobrandinus.

539 1983 598 2020 (τι)
621 1982 697 2010 vid.
725 1981 789 2010 Cic.
813 1980 936 2010 Acadd.
963 1978 1014 2015 11,
1041 1991 1069 2018 9.
1092 1991 1123 2019 p.
1152 1983 1216 2010 104.

540 2034 596 2070 (3)
616 2033 728 2061 Sextus
748 2031 925 2070 Empiricus
946 2031 1020 2061 adv.
1042 2031 1194 2061 Mathem.
1215 2032 1328 2072 Vlfi§
1352 2032 1405 2062 153
1425 2042 1492 2071 sqq.
1513 2031 1607 2062 Conf.
1627 2032 1691 2062 Cic.
1710 2031 1833 2062 Acadd.
1853 2033 1904 2066 11,
1926 2031 1979 2068 24,
1999 2040 2030 2070 p.
2051 2030 2102 2060 161
2122 2040 2188 2071 sqq.

539 2084 596 2122 (4)
617 2082 796 2113 Academici
813 2088 843 2112 et
859 2082 1050 2118 Carneades,
1078 2089 1114 2112 ut
1135 2092 1280 2112 sensuum
1302 2082 1396 2112 fidem
1421 2082 1663 2119 labefactarent,
1685 2087 1869 2122 argumenta
1893 2082 2003 2111 ducere
2025 2081 2188 2116 solebant,

460 2144 531 2165 cum
554 2135 593 2164 ab
617 2134 688 2164 aliis
708 2134 815 2171 rebus,
847 2139 914 2163 tum
936 2133 1076 2164 maxime
1099 2134 1138 2163 ab
1159 2134 1303 2174 exemplo
1324 2134 1403 2163 remi
1424 2134 1549 2170 inflexi,
1573 2144 1625 2164 seu
1650 2134 1725 2164 colli
1745 2134 1908 2164 columbae.
1936 2144 1954 2162 ι)
1968 2133 2085 2163 Remus
2105 2132 2189 2162 enim

462 2187 578 2226 integer
603 2187 667 2224 (ut
690 2185 828 2225 explicat
849 2185 964 2215 Seneca
981 2185 1022 2215 N.
1044 2186 1084 2223 Q.
1105 2186 1162 2215 lib.
1182 2189 1214 2215 J.
1236 2196 1304 2224 cap.
1327 2186 1345 2214 5
1365 2192 1395 2215 et
1413 2196 1440 2224 7.
1459 2186 1507 2215 Cf.
1522 2186 1585 2215 Cic.
1600 2186 1722 2215 Acadd.
1743 2188 1793 2220 11,
1815 2187 1863 2215 25.
1882 2195 1915 2224 p.
1932 2185 2023 2222 165.)
2048 2185 2080 2214 in
2103 2184 2190 2213 tenui

462 2247 541 2277 aqua
562 2236 653 2266 fracti
675 2236 807 2276 speciem
831 2236 953 2273 reddit;
979 2242 1009 2266 et
1022 2237 1157 2267 colorem
1182 2238 1399 2268 columbarum
1421 2237 1529 2268 cervix
1550 2243 1581 2267 et
1603 2238 1700 2267 sumit
1720 2243 1750 2266 et
1769 2237 1877 2277 ponit,
1892 2242 2061 2276 utcumque
2081 2236 2190 2266 deflec-

462 2289 550 2317 titur.
575 2299 591 2316 ι)
604 2289 695 2318 Hanc
712 2288 746 2317 in
764 2297 829 2317 rem
850 2288 913 2317 alia
936 2293 1079 2318 veterum
1104 2289 1284 2319 testimonia
1310 2289 1485 2319 attulerunt
1506 2289 1655 2319 Davisius
1673 2289 1713 2318 ad
1729 2289 1794 2318 Cic.
1815 2288 1937 2318 Acadd.
1959 2290 2009 2323 11,
2032 2299 2060 2326 7.
2077 2298 2109 2327 p.
2132 2295 2186 2327 94,

461 2345 492 2370 et
513 2339 672 2370 Fabricius
694 2339 736 2370 ad
760 2339 848 2369 Sexti
871 2338 1026 2379 Empirici
1047 2339 1207 2380 Pyrrhon.
1236 2339 1407 2380 Hypotyp.
1432 2340 1488 2369 lib.
1515 2341 1541 2369 1.
1567 2340 1583 2378 §
1608 2349 1662 2379 ¹¹9
1685 2346 1715 2370 et
1745 2350 1809 2369 120.
1843 2340 1911 2369 Hoc
1937 2345 2041 2369 autem
2065 2339 2189 2368 disertis

460 2392 564 2421 verbis
585 2392 622 2421 de
640 2391 798 2422 Carneade
819 2392 917 2422 tradit
937 2392 1156 2432 Hieronymus
1175 2393 1248 2423 adv.
1275 2403 1392 2423 errores
1412 2393 1502 2422 Joan.
1523 2391 1646 2421 Hieros.
1668 2401 1701 2430 p.
1721 2391 1779 2420 464
1794 2390 1835 2420 D.
1855 2390 2051 2421 »Carneades
2073 2390 2188 2429 aliquis

460 2443 501 2471 ab
523 2442 632 2471 inferis
656 2442 855 2479 excitandus,
885 2448 921 2471 ut
942 2443 1083 2482 proferat
1106 2454 1226 2473 remum
1251 2445 1281 2473 in
1298 2455 1379 2484 aqua
1400 2445 1548 2474 fractum.
1571 2460 1607 2467 -
1629 2443 1852 2473 Columbarum
1879 2443 1960 2473 colla
1984 2442 2023 2472 ad
2050 2441 2188 2482 singulas

459 2493 677 2524 conversiones
697 2494 830 2523 colorem
854 2495 1046 2524 mutantia.”
1074 2495 1166 2524 Cous.
1192 2497 1360 2535 Angustin.
1385 2503 1495 2526 contra
1516 2495 1622 2524 literas
1639 2493 1801 2524 Petiliani.
1818 2494 1873 2523 lib.
1899 2495 1959 2523 111.
1978 2504 2005 2523 c.
2029 2503 2077 2522 ιι.
2097 2498 2119 2522 t.
2143 2493 2185 2521 11.

459 2555 491 2584 p.
520 2554 579 2574 210
599 2544 636 2573 B.

536 2595 592 2633 (5)
612 2595 725 2625 Sextus
747 2594 923 2633 Empiricus
948 2597 1020 2627 adv.
1047 2598 1200 2628 Mathem.
1226 2599 1301 2629 V11.
1324 2601 1341 2638 §
1371 2601 1437 2639 159.
1464 2599 1503 2629 Et
1529 2599 1562 2627 in
1587 2597 1769 2627 universum
1793 2596 1920 2636 quidem
1944 2593 2126 2626 Academici
2147 2593 2186 2622 ad

460 2645 693 2675 defendendam
720 2644 1128 2683 incomprehensibilitatem
1152 2658 1240 2677 suam
1271 2649 1531 2687 philosophorum
1558 2649 1642 2676 rixas
1668 2654 1698 2675 et
1722 2649 1937 2677 contentiones
1963 2653 2122 2684 tamquam
2141 2655 2185 2673 ar-

460 2703 643 2737 gumentum
672 2696 878 2737 arripiebant.
904 2697 979 2729 Vid.
1004 2698 1173 2738 Augustin.
1200 2705 1308 2730 contra
1330 2699 1428 2730 Acad.
1455 2701 1521 2737 111,
1550 2709 1594 2729 ιο.
1614 2709 1646 2738 p.
1666 2699 1733 2728 213.
1751 2698 1785 2727 C.
