<?xml version="1.0" encoding="UTF-8"?>
<!DOCTYPE html PUBLIC "-//W3C//DTD XHTML 1.0 Transitional//EN"
    "http://www.w3.org/TR/xhtml1/DTD/xhtml1-transitional.dtd">
<html xmlns="http://www.w3.org/1999/xhtml" xml:lang="en" lang="en">
 <head>
  <title>
</title>
<meta http-equiv="Content-Type" content="text/html;charset=utf-8" />
  <meta name='ocr-system' content='tesseract 3.04.00' />
  <meta name='ocr-capabilities' content='ocr_page ocr_carea ocr_par ocr_line ocrx_word'/>
</head>
<body>
  <div class='ocr_page' id='page_1' title='image "4774699_0050.png"; bbox 0 0 2743 3294; ppageno 0'>
   <div class='ocr_carea' id='block_1_1' title="bbox 783 593 1655 659">
    <p class='ocr_par' dir='ltr' id='par_1_1' title="bbox 783 593 1655 659">
     <span class='ocr_line' id='line_1_1' title="bbox 783 593 1655 659; baseline 0.005 -5"><span class='ocrx_word' id='word_1_1' title='bbox 783 593 1096 655; x_wconf 87' lang='lat' dir='ltr'><strong>CAPUT</strong></span> <span class='ocrx_word' id='word_1_2' title='bbox 1184 595 1655 659; x_wconf 89' lang='lat' dir='ltr'>TERTIUM.</span> 
     </span>
    </p>
   </div>
   <div class='ocr_carea' id='block_1_2' title="bbox 912 767 1516 810">
    <p class='ocr_par' dir='ltr' id='par_1_2' title="bbox 912 767 1516 810">
     <span class='ocr_line' id='line_1_2' title="bbox 912 767 1516 810; baseline -0.002 0"><span class='ocrx_word' id='word_1_3' title='bbox 912 767 1145 810; x_wconf 76' lang='lat' dir='ltr'>PHYSICA</span> <span class='ocrx_word' id='word_1_4' title='bbox 1202 767 1516 809; x_wconf 87' lang='lat' dir='ltr'>CARNEADIS.</span> 
     </span>
    </p>
   </div>
   <div class='ocr_carea' id='block_1_3' title="bbox 1109 939 1319 946">
    <p class='ocr_par' dir='ltr' id='par_1_3' title="bbox 1109 939 1319 946">
     <span class='ocr_line' id='line_1_3' title="bbox 1109 939 1319 946; baseline 0.005 -1"><span class='ocrx_word' id='word_1_5' title='bbox 1109 939 1319 946; x_wconf 81' lang='lat'>——</span> 
     </span>
    </p>
   </div>
   <div class='ocr_carea' id='block_1_4' title="bbox 1139 1026 1268 1129">
    <p class='ocr_par' dir='ltr' id='par_1_4' title="bbox 1139 1026 1268 1129">
     <span class='ocr_line' id='line_1_4' title="bbox 1139 1026 1268 1129; baseline 0 -15"><span class='ocrx_word' id='word_1_6' title='bbox 1139 1026 1196 1129; x_wconf 66' lang='grc' dir='ltr'>ις</span> <span class='ocrx_word' id='word_1_7' title='bbox 1236 1076 1268 1114; x_wconf 90' lang='lat'>1.</span> 
     </span>
    </p>
   </div>
   <div class='ocr_carea' id='block_1_5' title="bbox 355 1194 2075 1937">
    <p class='ocr_par' dir='ltr' id='par_1_5' title="bbox 355 1194 2075 1937">
     <span class='ocr_line' id='line_1_5' title="bbox 416 1194 2075 1254; baseline 0.001 -17"><span class='ocrx_word' id='word_1_8' title='bbox 416 1197 637 1252; x_wconf 90' lang='lat' dir='ltr'>Postquam</span> <span class='ocrx_word' id='word_1_9' title='bbox 662 1197 846 1253; x_wconf 88' lang='lat' dir='ltr'>primum</span> <span class='ocrx_word' id='word_1_10' title='bbox 872 1196 1011 1237; x_wconf 90' lang='lat' dir='ltr'>locum</span> <span class='ocrx_word' id='word_1_11' title='bbox 1043 1194 1263 1235; x_wconf 88' lang='lat' dir='ltr'>Carneadis</span> <span class='ocrx_word' id='word_1_12' title='bbox 1287 1196 1447 1250; x_wconf 88' lang='lat' dir='ltr'>Logicis</span> <span class='ocrx_word' id='word_1_13' title='bbox 1474 1195 1681 1247; x_wconf 87' lang='lat' dir='ltr'><strong>dedimus,</strong></span> <span class='ocrx_word' id='word_1_14' title='bbox 1714 1197 1855 1253; x_wconf 88' lang='lat' dir='ltr'>ibique</span> <span class='ocrx_word' id='word_1_15' title='bbox 1882 1201 2075 1254; x_wconf 84' lang='lat' dir='ltr'>exposui-</span> 
     </span>
     <span class='ocr_line' id='line_1_6' title="bbox 360 1262 2075 1321; baseline 0.001 -15"><span class='ocrx_word' id='word_1_16' title='bbox 360 1280 453 1307; x_wconf 87' lang='lat' dir='ltr'>mus</span> <span class='ocrx_word' id='word_1_17' title='bbox 484 1266 739 1307; x_wconf 75' lang='lat' dir='ltr'><strong>nobilitatam</strong></span> <span class='ocrx_word' id='word_1_18' title='bbox 769 1266 884 1306; x_wconf 89' lang='lat' dir='ltr'>illam</span> <span class='ocrx_word' id='word_1_19' title='bbox 910 1266 956 1305; x_wconf 88' lang='lat' dir='ltr'>in</span> <span class='ocrx_word' id='word_1_20' title='bbox 983 1264 1149 1304; x_wconf 91' lang='lat' dir='ltr'>historia</span> <span class='ocrx_word' id='word_1_21' title='bbox 1179 1262 1306 1304; x_wconf 79' lang='lat' dir='ltr'>animi</span> <span class='ocrx_word' id='word_1_22' title='bbox 1333 1263 1507 1304; x_wconf 84' lang='lat' dir='ltr'>humani</span> <span class='ocrx_word' id='word_1_23' title='bbox 1533 1264 1583 1305; x_wconf 88' lang='lat' dir='ltr'>de</span> <span class='ocrx_word' id='word_1_24' title='bbox 1611 1264 1764 1321; x_wconf 87' lang='lat' dir='ltr'>judicio</span> <span class='ocrx_word' id='word_1_25' title='bbox 1793 1267 1879 1308; x_wconf 83' lang='lat' dir='ltr'>veri</span> <span class='ocrx_word' id='word_1_26' title='bbox 1906 1266 2075 1308; x_wconf 86' lang='lat' dir='ltr'>senten-</span> 
     </span>
     <span class='ocr_line' id='line_1_7' title="bbox 360 1332 2072 1392; baseline 0.001 -17"><span class='ocrx_word' id='word_1_27' title='bbox 360 1334 458 1375; x_wconf 87' lang='lat' dir='ltr'>tiam</span> <span class='ocrx_word' id='word_1_28' title='bbox 470 1365 481 1386; x_wconf 91' lang='lat'>,</span> <span class='ocrx_word' id='word_1_29' title='bbox 502 1347 583 1389; x_wconf 87' lang='lat' dir='ltr'>qua</span> <span class='ocrx_word' id='word_1_30' title='bbox 598 1341 724 1389; x_wconf 86' lang='lat' dir='ltr'>caput</span> <span class='ocrx_word' id='word_1_31' title='bbox 742 1332 1029 1374; x_wconf 83' lang='lat' dir='ltr'><strong>continebatur</strong></span> <span class='ocrx_word' id='word_1_32' title='bbox 1045 1332 1240 1374; x_wconf 67' lang='lat' dir='ltr'>doctrinae</span> <span class='ocrx_word' id='word_1_33' title='bbox 1260 1332 1311 1373; x_wconf 93' lang='lat' dir='ltr'>ab</span> <span class='ocrx_word' id='word_1_34' title='bbox 1331 1333 1584 1373; x_wconf 76' lang='lat' dir='ltr'>Academicis</span> <span class='ocrx_word' id='word_1_35' title='bbox 1602 1336 1851 1386; x_wconf 81' lang='lat' dir='ltr'>constitutae,</span> <span class='ocrx_word' id='word_1_36' title='bbox 1869 1335 2072 1392; x_wconf 87' lang='lat' dir='ltr'>cujusque</span> 
     </span>
     <span class='ocr_line' id='line_1_8' title="bbox 358 1402 2069 1458; baseline 0.001 -16"><span class='ocrx_word' id='word_1_37' title='bbox 358 1405 484 1443; x_wconf 86' lang='lat' dir='ltr'>unius</span> <span class='ocrx_word' id='word_1_38' title='bbox 515 1403 803 1442; x_wconf 75' lang='lat' dir='ltr'>confirmandae</span> <span class='ocrx_word' id='word_1_39' title='bbox 835 1417 995 1452; x_wconf 83' lang='lat' dir='ltr'>caussa,</span> <span class='ocrx_word' id='word_1_40' title='bbox 1032 1402 1212 1457; x_wconf 88' lang='lat' dir='ltr'>reliquas</span> <span class='ocrx_word' id='word_1_41' title='bbox 1239 1402 1299 1441; x_wconf 92' lang='lat' dir='ltr'>illi</span> <span class='ocrx_word' id='word_1_42' title='bbox 1327 1402 1592 1456; x_wconf 72' lang='lat' dir='ltr'>philosophiae</span> <span class='ocrx_word' id='word_1_43' title='bbox 1623 1411 1758 1457; x_wconf 88' lang='lat' dir='ltr'>partes</span> <span class='ocrx_word' id='word_1_44' title='bbox 1793 1404 2069 1458; x_wconf 87' lang='lat' dir='ltr'>attingebant,</span> 
     </span>
     <span class='ocr_line' id='line_1_9' title="bbox 361 1468 2069 1526; baseline 0.001 -15"><span class='ocrx_word' id='word_1_45' title='bbox 361 1470 412 1512; x_wconf 93' lang='lat' dir='ltr'>de</span> <span class='ocrx_word' id='word_1_46' title='bbox 438 1471 622 1526; x_wconf 82' lang='lat' dir='ltr'>Physicis</span> <span class='ocrx_word' id='word_1_47' title='bbox 650 1471 837 1526; x_wconf 79' lang='lat' dir='ltr'>proxime</span> <span class='ocrx_word' id='word_1_48' title='bbox 862 1477 924 1511; x_wconf 90' lang='lat' dir='ltr'>est</span> <span class='ocrx_word' id='word_1_49' title='bbox 948 1469 1169 1526; x_wconf 86' lang='lat' dir='ltr'>agendum.</span> <span class='ocrx_word' id='word_1_50' title='bbox 1204 1468 1265 1510; x_wconf 90' lang='lat' dir='ltr'>Ad</span> <span class='ocrx_word' id='word_1_51' title='bbox 1294 1469 1401 1509; x_wconf 88' lang='lat' dir='ltr'>hanc</span> <span class='ocrx_word' id='word_1_52' title='bbox 1425 1477 1563 1510; x_wconf 90' lang='lat' dir='ltr'>autem</span> <span class='ocrx_word' id='word_1_53' title='bbox 1590 1478 1749 1525; x_wconf 89' lang='lat' dir='ltr'>partem</span> <span class='ocrx_word' id='word_1_54' title='bbox 1770 1471 1881 1526; x_wconf 93' lang='lat' dir='ltr'>quod</span> <span class='ocrx_word' id='word_1_55' title='bbox 1903 1472 2069 1523; x_wconf 83' lang='lat' dir='ltr'>attinet,</span> 
     </span>
     <span class='ocr_line' id='line_1_10' title="bbox 358 1538 2070 1594; baseline 0.001 -16"><span class='ocrx_word' id='word_1_56' title='bbox 358 1539 402 1578; x_wconf 88' lang='lat' dir='ltr'>in</span> <span class='ocrx_word' id='word_1_57' title='bbox 430 1553 478 1579; x_wconf 89' lang='lat' dir='ltr'>ea</span> <span class='ocrx_word' id='word_1_58' title='bbox 510 1539 721 1579; x_wconf 87' lang='lat' dir='ltr'>tractanda</span> <span class='ocrx_word' id='word_1_59' title='bbox 745 1539 952 1581; x_wconf 86' lang='lat' dir='ltr'>breviores</span> <span class='ocrx_word' id='word_1_60' title='bbox 979 1553 1064 1579; x_wconf 89' lang='lat' dir='ltr'>esse</span> <span class='ocrx_word' id='word_1_61' title='bbox 1093 1539 1331 1594; x_wconf 59' lang='lat' dir='ltr'>poterimus</span> <span class='ocrx_word' id='word_1_62' title='bbox 1370 1538 1608 1578; x_wconf 83' lang='lat' dir='ltr'>Naturalem</span> <span class='ocrx_word' id='word_1_63' title='bbox 1631 1540 1743 1578; x_wconf 90' lang='lat' dir='ltr'>enim</span> <span class='ocrx_word' id='word_1_64' title='bbox 1768 1540 2070 1594; x_wconf 87' lang='lat' dir='ltr'>philosophiam</span> 
     </span>
     <span class='ocr_line' id='line_1_11' title="bbox 357 1607 2069 1663; baseline 0.001 -16"><span class='ocrx_word' id='word_1_65' title='bbox 357 1622 442 1647; x_wconf 87' lang='lat' dir='ltr'>non</span> <span class='ocrx_word' id='word_1_66' title='bbox 463 1607 583 1649; x_wconf 85' lang='lat' dir='ltr'>valde</span> <span class='ocrx_word' id='word_1_67' title='bbox 609 1621 770 1648; x_wconf 88' lang='lat' dir='ltr'>curasse</span> <span class='ocrx_word' id='word_1_68' title='bbox 795 1608 1030 1648; x_wconf 87' lang='lat' dir='ltr'>Academici</span> <span class='ocrx_word' id='word_1_69' title='bbox 1056 1607 1275 1660; x_wconf 86' lang='lat' dir='ltr'>videntur3</span> <span class='ocrx_word' id='word_1_70' title='bbox 1317 1607 1427 1663; x_wconf 90' lang='lat' dir='ltr'>quod</span> <span class='ocrx_word' id='word_1_71' title='bbox 1456 1607 1626 1663; x_wconf 91' lang='lat' dir='ltr'>quidem</span> <span class='ocrx_word' id='word_1_72' title='bbox 1661 1608 1822 1648; x_wconf 80' lang='lat' dir='ltr'>disertis</span> <span class='ocrx_word' id='word_1_73' title='bbox 1855 1608 1986 1648; x_wconf 84' lang='lat' dir='ltr'>verbis</span> <span class='ocrx_word' id='word_1_74' title='bbox 2019 1608 2069 1649; x_wconf 91' lang='lat' dir='ltr'>de</span> 
     </span>
     <span class='ocr_line' id='line_1_12' title="bbox 358 1673 2069 1731; baseline 0.001 -16"><span class='ocrx_word' id='word_1_75' title='bbox 358 1675 566 1715; x_wconf 88' lang='lat' dir='ltr'>Carneade</span> <span class='ocrx_word' id='word_1_76' title='bbox 597 1675 722 1715; x_wconf 87' lang='lat' dir='ltr'>tradit</span> <span class='ocrx_word' id='word_1_77' title='bbox 747 1676 951 1731; x_wconf 85' lang='lat' dir='ltr'>Diogenes</span> <span class='ocrx_word' id='word_1_78' title='bbox 977 1677 1161 1717; x_wconf 71' lang='lat' dir='ltr'>Laertius</span> <span class='ocrx_word' id='word_1_79' title='bbox 1187 1677 1263 1731; x_wconf 86' lang='lat'>(1).</span> <span class='ocrx_word' id='word_1_80' title='bbox 1298 1677 1401 1716; x_wconf 89' lang='lat' dir='ltr'>Satis</span> <span class='ocrx_word' id='word_1_81' title='bbox 1431 1676 1572 1730; x_wconf 88' lang='lat' dir='ltr'>longas</span> <span class='ocrx_word' id='word_1_82' title='bbox 1604 1673 1743 1716; x_wconf 82' lang='lat' dir='ltr'>tamen</span> <span class='ocrx_word' id='word_1_83' title='bbox 1772 1676 1962 1730; x_wconf 87' lang='lat' dir='ltr'>reliquias</span> <span class='ocrx_word' id='word_1_84' title='bbox 1991 1676 2069 1717; x_wconf 91' lang='lat' dir='ltr'>ha-</span> 
     </span>
     <span class='ocr_line' id='line_1_13' title="bbox 356 1743 2067 1802; baseline 0 -17"><span class='ocrx_word' id='word_1_85' title='bbox 356 1743 503 1785; x_wconf 91' lang='lat' dir='ltr'>bemus</span> <span class='ocrx_word' id='word_1_86' title='bbox 537 1743 626 1802; x_wconf 91' lang='lat' dir='ltr'>ejus</span> <span class='ocrx_word' id='word_1_87' title='bbox 659 1744 967 1801; x_wconf 89' lang='lat' dir='ltr'>disputationis,</span> <span class='ocrx_word' id='word_1_88' title='bbox 1001 1744 1151 1801; x_wconf 89' lang='lat' dir='ltr'>quibus</span> <span class='ocrx_word' id='word_1_89' title='bbox 1179 1745 1386 1800; x_wconf 86' lang='lat' dir='ltr'>praecipua</span> <span class='ocrx_word' id='word_1_90' title='bbox 1418 1743 1604 1798; x_wconf 87' lang='lat' dir='ltr'>quaedam</span> <span class='ocrx_word' id='word_1_91' title='bbox 1634 1743 1862 1783; x_wconf 88' lang='lat' dir='ltr'>Stoicorum</span> <span class='ocrx_word' id='word_1_92' title='bbox 1903 1743 2067 1785; x_wconf 84' lang='lat' dir='ltr'>decreta</span> 
     </span>
     <span class='ocr_line' id='line_1_14' title="bbox 357 1812 2067 1870; baseline 0.001 -18"><span class='ocrx_word' id='word_1_93' title='bbox 357 1813 547 1854; x_wconf 89' lang='lat' dir='ltr'>funditus</span> <span class='ocrx_word' id='word_1_94' title='bbox 572 1813 769 1865; x_wconf 87' lang='lat' dir='ltr'>evellere,</span> <span class='ocrx_word' id='word_1_95' title='bbox 795 1814 908 1854; x_wconf 88' lang='lat' dir='ltr'>haud</span> <span class='ocrx_word' id='word_1_96' title='bbox 934 1815 1086 1870; x_wconf 82' lang='lat' dir='ltr'>exiguo</span> <span class='ocrx_word' id='word_1_97' title='bbox 1112 1829 1210 1854; x_wconf 87' lang='lat' dir='ltr'>cum</span> <span class='ocrx_word' id='word_1_98' title='bbox 1233 1828 1441 1862; x_wconf 87' lang='lat' dir='ltr'>successu,</span> <span class='ocrx_word' id='word_1_99' title='bbox 1464 1819 1631 1851; x_wconf 82' lang='lat' dir='ltr'>conatus</span> <span class='ocrx_word' id='word_1_100' title='bbox 1651 1812 1714 1850; x_wconf 89' lang='lat' dir='ltr'>sit.</span> <span class='ocrx_word' id='word_1_101' title='bbox 1741 1812 1820 1851; x_wconf 85' lang='lat' dir='ltr'>Has</span> <span class='ocrx_word' id='word_1_102' title='bbox 1843 1814 2067 1853; x_wconf 85' lang='lat' dir='ltr'>maximam</span> 
     </span>
     <span class='ocr_line' id='line_1_15' title="bbox 355 1880 2064 1937; baseline 0.001 -16"><span class='ocrx_word' id='word_1_103' title='bbox 355 1889 513 1937; x_wconf 91' lang='lat' dir='ltr'>partem</span> <span class='ocrx_word' id='word_1_104' title='bbox 545 1882 661 1921; x_wconf 92' lang='lat' dir='ltr'>nobis</span> <span class='ocrx_word' id='word_1_105' title='bbox 688 1883 866 1922; x_wconf 88' lang='lat' dir='ltr'>servavit</span> <span class='ocrx_word' id='word_1_106' title='bbox 892 1883 1058 1933; x_wconf 90' lang='lat' dir='ltr'>Cicero,</span> <span class='ocrx_word' id='word_1_107' title='bbox 1093 1896 1193 1936; x_wconf 90' lang='lat' dir='ltr'>quas</span> <span class='ocrx_word' id='word_1_108' title='bbox 1231 1880 1439 1935; x_wconf 88' lang='lat' dir='ltr'>probabile</span> <span class='ocrx_word' id='word_1_109' title='bbox 1470 1887 1530 1919; x_wconf 93' lang='lat' dir='ltr'>est</span> <span class='ocrx_word' id='word_1_110' title='bbox 1567 1881 1703 1934; x_wconf 89' lang='lat' dir='ltr'>ipsum</span> <span class='ocrx_word' id='word_1_111' title='bbox 1734 1895 1786 1920; x_wconf 78' lang='lat' dir='ltr'>ex</span> <span class='ocrx_word' id='word_1_112' title='bbox 1819 1880 2064 1922; x_wconf 85' lang='lat' dir='ltr'>Clitomachi</span> 
     </span>
    </p>
   </div>
   <div class='ocr_carea' id='block_1_6' title="bbox 357 1949 893 1993">
    <p class='ocr_par' dir='ltr' id='par_1_6' title="bbox 357 1949 893 1993">
     <span class='ocr_line' id='line_1_16' title="bbox 357 1949 893 1993; baseline 0 -2"><span class='ocrx_word' id='word_1_113' title='bbox 357 1951 670 1993; x_wconf 87' lang='lat' dir='ltr'>Commentariis</span> <span class='ocrx_word' id='word_1_114' title='bbox 699 1949 893 1992; x_wconf 88' lang='lat' dir='ltr'>hausisse.</span> 
     </span>
    </p>
   </div>
   <div class='ocr_carea' id='block_1_7' title="bbox 1140 2082 1265 2138">
    <p class='ocr_par' dir='ltr' id='par_1_7' title="bbox 1140 2082 1265 2138">
     <span class='ocr_line' id='line_1_17' title="bbox 1140 2082 1265 2138; baseline -0.008 -14"><span class='ocrx_word' id='word_1_115' title='bbox 1140 2082 1265 2138; x_wconf 76' lang='lat'>§11-</span> 
     </span>
    </p>
   </div>
   <div class='ocr_carea' id='block_1_8' title="bbox 354 2217 2065 2480">
    <p class='ocr_par' dir='ltr' id='par_1_8' title="bbox 354 2217 2065 2480">
     <span class='ocr_line' id='line_1_18' title="bbox 410 2217 2060 2274; baseline 0 -16"><span class='ocrx_word' id='word_1_116' title='bbox 410 2219 564 2259; x_wconf 90' lang='lat' dir='ltr'>Earum</span> <span class='ocrx_word' id='word_1_117' title='bbox 591 2225 730 2259; x_wconf 91' lang='lat' dir='ltr'>autem</span> <span class='ocrx_word' id='word_1_118' title='bbox 758 2218 889 2273; x_wconf 88' lang='lat' dir='ltr'>prima</span> <span class='ocrx_word' id='word_1_119' title='bbox 915 2218 958 2257; x_wconf 88' lang='lat' dir='ltr'>in</span> <span class='ocrx_word' id='word_1_120' title='bbox 984 2231 1154 2259; x_wconf 89' lang='lat' dir='ltr'>censum</span> <span class='ocrx_word' id='word_1_121' title='bbox 1177 2219 1290 2259; x_wconf 89' lang='lat' dir='ltr'>venit</span> <span class='ocrx_word' id='word_1_122' title='bbox 1312 2217 1533 2274; x_wconf 83' lang='lat' dir='ltr'>disputatio</span> <span class='ocrx_word' id='word_1_123' title='bbox 1555 2217 1606 2256; x_wconf 83' lang='lat' dir='ltr'>de</span> <span class='ocrx_word' id='word_1_124' title='bbox 1629 2218 1753 2263; x_wconf 79' lang='lat' dir='ltr'>Diis,</span> <span class='ocrx_word' id='word_1_125' title='bbox 1782 2231 1861 2272; x_wconf 85' lang='lat' dir='ltr'>qua</span> <span class='ocrx_word' id='word_1_126' title='bbox 1883 2218 2060 2258; x_wconf 83' lang='lat' dir='ltr'>ostendit</span> 
     </span>
     <span class='ocr_line' id='line_1_19' title="bbox 355 2286 2060 2342; baseline 0.001 -16"><span class='ocrx_word' id='word_1_127' title='bbox 355 2288 506 2327; x_wconf 89' lang='lat' dir='ltr'>Stoicos</span> <span class='ocrx_word' id='word_1_128' title='bbox 547 2287 597 2327; x_wconf 92' lang='lat' dir='ltr'>de</span> <span class='ocrx_word' id='word_1_129' title='bbox 634 2287 773 2328; x_wconf 90' lang='lat' dir='ltr'>divina</span> <span class='ocrx_word' id='word_1_130' title='bbox 812 2295 959 2327; x_wconf 85' lang='lat' dir='ltr'>natura</span> <span class='ocrx_word' id='word_1_131' title='bbox 1002 2287 1108 2327; x_wconf 87' lang='lat' dir='ltr'>nihil</span> <span class='ocrx_word' id='word_1_132' title='bbox 1143 2288 1373 2342; x_wconf 81' lang='lat' dir='ltr'>explicare,</span> <span class='ocrx_word' id='word_1_133' title='bbox 1419 2294 1461 2326; x_wconf 85' lang='lat' dir='ltr'>et</span> <span class='ocrx_word' id='word_1_134' title='bbox 1505 2300 1557 2325; x_wconf 92' lang='lat' dir='ltr'>ne</span> <span class='ocrx_word' id='word_1_135' title='bbox 1595 2300 1679 2326; x_wconf 91' lang='lat' dir='ltr'>esse</span> <span class='ocrx_word' id='word_1_136' title='bbox 1718 2286 1886 2340; x_wconf 85' lang='lat' dir='ltr'>quidem</span> <span class='ocrx_word' id='word_1_137' title='bbox 1926 2288 2060 2338; x_wconf 87' lang='lat' dir='ltr'>Deos,</span> 
     </span>
     <span class='ocr_line' id='line_1_20' title="bbox 354 2354 2065 2411; baseline 0 -15"><span class='ocrx_word' id='word_1_138' title='bbox 354 2355 495 2411; x_wconf 90' lang='lat' dir='ltr'>quales</span> <span class='ocrx_word' id='word_1_139' title='bbox 525 2354 577 2395; x_wconf 90' lang='lat' dir='ltr'>ab</span> <span class='ocrx_word' id='word_1_140' title='bbox 601 2356 649 2395; x_wconf 84' lang='lat' dir='ltr'>iis</span> <span class='ocrx_word' id='word_1_141' title='bbox 677 2354 1019 2396; x_wconf 85' lang='lat' dir='ltr'>describerentur.</span> <span class='ocrx_word' id='word_1_142' title='bbox 1049 2355 1156 2396; x_wconf 91' lang='lat' dir='ltr'>Cum</span> <span class='ocrx_word' id='word_1_143' title='bbox 1177 2356 1220 2395; x_wconf 92' lang='lat' dir='ltr'>hi</span> <span class='ocrx_word' id='word_1_144' title='bbox 1247 2357 1356 2396; x_wconf 85' lang='lat' dir='ltr'>enim</span> <span class='ocrx_word' id='word_1_145' title='bbox 1377 2356 1544 2406; x_wconf 89' lang='lat' dir='ltr'>Jovem,</span> <span class='ocrx_word' id='word_1_146' title='bbox 1571 2355 1656 2396; x_wconf 92' lang='lat' dir='ltr'>sive</span> <span class='ocrx_word' id='word_1_147' title='bbox 1680 2355 1851 2406; x_wconf 75' lang='lat' dir='ltr'>aethera,</span> <span class='ocrx_word' id='word_1_148' title='bbox 1883 2363 2065 2396; x_wconf 85' lang='lat' dir='ltr'>ceteros-</span> 
     </span>
     <span class='ocr_line' id='line_1_21' title="bbox 356 2423 2061 2480; baseline 0 -15"><span class='ocrx_word' id='word_1_149' title='bbox 356 2439 436 2480; x_wconf 90' lang='lat' dir='ltr'>que</span> <span class='ocrx_word' id='word_1_150' title='bbox 477 2424 583 2464; x_wconf 91' lang='lat' dir='ltr'>Deos</span> <span class='ocrx_word' id='word_1_151' title='bbox 615 2424 729 2466; x_wconf 90' lang='lat' dir='ltr'>velut</span> <span class='ocrx_word' id='word_1_152' title='bbox 766 2425 944 2464; x_wconf 89' lang='lat' dir='ltr'>animata</span> <span class='ocrx_word' id='word_1_153' title='bbox 975 2439 1142 2479; x_wconf 86' lang='lat' dir='ltr'>corpora</span> <span class='ocrx_word' id='word_1_154' title='bbox 1187 2424 1261 2464; x_wconf 90' lang='lat' dir='ltr'>sibi</span> <span class='ocrx_word' id='word_1_155' title='bbox 1296 2425 1591 2474; x_wconf 76' lang='lat' dir='ltr'>informarent,</span> <span class='ocrx_word' id='word_1_156' title='bbox 1632 2423 1796 2464; x_wconf 91' lang='lat' dir='ltr'>nullum</span> <span class='ocrx_word' id='word_1_157' title='bbox 1830 2424 1880 2464; x_wconf 90' lang='lat' dir='ltr'>ad</span> <span class='ocrx_word' id='word_1_158' title='bbox 1915 2439 2061 2465; x_wconf 89' lang='lat' dir='ltr'>eorum</span> 
     </span>
    </p>
   </div>
   <div class='ocr_carea' id='block_1_9' title="bbox 1909 2521 2057 2529">
    <p class='ocr_par' dir='ltr' id='par_1_9' title="bbox 1909 2521 2057 2529">
     <span class='ocr_line' id='line_1_22' title="bbox 1909 2521 2057 2529; baseline 0 765"><span class='ocrx_word' id='word_1_159' title='bbox 1909 2521 2057 2529; x_wconf 95' lang='lat' dir='ltr'> </span> 
     </span>
    </p>
   </div>
   <div class='ocr_carea' id='block_1_10' title="bbox 355 2568 2062 2659">
    <p class='ocr_par' dir='ltr' id='par_1_10' title="bbox 355 2568 2062 2659">
     <span class='ocr_line' id='line_1_23' title="bbox 395 2568 2062 2611; baseline 0.001 -12"><span class='ocrx_word' id='word_1_160' title='bbox 395 2573 438 2609; x_wconf 86' lang='lat'>(1)</span> <span class='ocrx_word' id='word_1_161' title='bbox 459 2571 526 2600; x_wconf 88' lang='lat' dir='ltr'>Lib.</span> <span class='ocrx_word' id='word_1_162' title='bbox 543 2571 598 2601; x_wconf 84' lang='lat' dir='ltr'>IV.</span> <span class='ocrx_word' id='word_1_163' title='bbox 614 2570 712 2609; x_wconf 82' lang='lat' dir='ltr'>Segm.</span> <span class='ocrx_word' id='word_1_164' title='bbox 736 2571 784 2600; x_wconf 80' lang='lat'>62.</span> <span class='ocrx_word' id='word_1_165' title='bbox 807 2568 1018 2610; x_wconf 61' lang='grc' dir='ltr'>(Κιριέαδης)</span> <span class='ocrx_word' id='word_1_166' title='bbox 1046 2571 1072 2601; x_wconf 70' lang='grc' dir='ltr'>ἐν</span> <span class='ocrx_word' id='word_1_167' title='bbox 1096 2570 1152 2609; x_wconf 66' lang='grc' dir='ltr'>μὲν</span> <span class='ocrx_word' id='word_1_168' title='bbox 1175 2572 1239 2603; x_wconf 74' lang='grc' dir='ltr'>τοῗς</span> <span class='ocrx_word' id='word_1_169' title='bbox 1269 2572 1411 2610; x_wconf 69' lang='grc' dir='ltr'>φυσικοῖς</span> <span class='ocrx_word' id='word_1_170' title='bbox 1437 2570 1519 2606; x_wconf 66' lang='grc' dir='ltr'>ἶπον</span> <span class='ocrx_word' id='word_1_171' title='bbox 1543 2570 1719 2611; x_wconf 69' lang='grc' dir='ltr'>φερῦμεης,</span> <span class='ocrx_word' id='word_1_172' title='bbox 1746 2572 1773 2603; x_wconf 74' lang='grc' dir='ltr'>ἐν</span> <span class='ocrx_word' id='word_1_173' title='bbox 1791 2568 1827 2603; x_wconf 55' lang='grc' dir='ltr'>δὲ</span> <span class='ocrx_word' id='word_1_174' title='bbox 1846 2571 1911 2603; x_wconf 69' lang='grc' dir='ltr'>τοῖς</span> <span class='ocrx_word' id='word_1_175' title='bbox 1943 2570 2062 2605; x_wconf 61' lang='grc' dir='ltr'><strong><em>η’θιιοῖς</em></strong></span> 
     </span>
     <span class='ocr_line' id='line_1_24' title="bbox 355 2630 482 2659; baseline 0 -7"><span class='ocrx_word' id='word_1_176' title='bbox 355 2630 482 2659; x_wconf 62' lang='grc' dir='ltr'>μαλλον.</span> 
     </span>
    </p>
   </div>
   <div class='ocr_carea' id='block_1_11' title="bbox 1460 2663 1478 2697">
    <p class='ocr_par' dir='ltr' id='par_1_11' title="bbox 1460 2663 1478 2697">
     <span class='ocr_line' id='line_1_25' title="bbox 1460 2663 1478 2697; baseline 0 0"><span class='ocrx_word' id='word_1_177' title='bbox 1460 2663 1478 2697; x_wconf 88' lang='lat'>5</span> 
     </span>
    </p>
   </div>
   <div class='ocr_carea' id='block_1_12' title="bbox 0 3264 2743 3294">
    <p class='ocr_par' dir='ltr' id='par_1_12' title="bbox 0 3264 2743 3294">
     <span class='ocr_line' id='line_1_26' title="bbox 0 3264 2743 3294; baseline 0 0"><span class='ocrx_word' id='word_1_178' title='bbox 0 3264 2743 3294; x_wconf 95' lang='lat' dir='ltr'> </span> 
     </span>
    </p>
   </div>
  </div>
 </body>
</html>
