2743 3301
1256 342 1280 398 (
1301 340 1336 383 ⁶
1363 343 1386 398 )

450 438 821 496 designaverimus.
857 437 923 480 Ad
947 444 1109 493 patrem
1139 450 1239 479 vero
1267 437 1381 495 quod
1411 438 1580 491 attinet,
1612 439 1719 482 nihil
1746 439 1798 482 de
1826 439 1917 498 ejus
1946 441 2013 484 vel
2044 442 2190 485 condi-

454 510 567 551 tione
593 509 661 552 vel
693 522 845 565 genere
875 506 994 549 nobis
1019 508 1227 549 innotuit:
1265 514 1430 549 tantum
1460 522 1613 549 nomen
1643 507 1854 565 proditum
1880 508 2104 563 habemus,
2136 510 2188 552 de

452 594 537 634 quo
556 586 694 619 tamen
707 592 793 618 non
808 577 980 620 omnino
993 578 1104 619 inter
1117 576 1337 631 scriptores
1356 576 1564 620 convenit.
1585 576 1793 632 Diogenes
1803 578 1917 618 enim
1927 578 2115 620 Laertius
2123 578 2187 634 (1)

451 648 699 702 Epicomum
723 659 823 686 eum
843 645 1085 696 nominans,
1107 642 1398 684 Philocomum
1420 658 1589 700 quoque
1609 644 1662 684 ab
1679 645 1915 687 Alexandro
1939 647 2020 687 dici
2037 646 2183 699 tradit3

451 715 564 772 quod
586 716 713 757 etiam
736 714 874 757 Suidae
894 714 958 770 (2)
990 713 1236 757 auctoritate
1262 711 1555 753 confirmatur:
1586 712 1638 754 ad
1667 713 1788 772 cujus
1814 715 1955 757 locum
1986 716 2185 772 quoniam

451 785 546 841 plus
564 799 649 826 una
669 785 761 827 vice
779 781 1091 840 provocandum
1117 781 1216 832 erit,
1241 793 1341 821 eum
1361 778 1431 820 hic
1454 794 1730 836 apponemus:
1757 783 2003 840 Καρνεάδης,
2029 786 2184 840 Λίβυς,

451 854 535 897 ἀπὸ
569 854 736 910 Κυρήνης
770 855 849 899 Orbe
885 851 1147 906 Φιλοκώμου,
1180 850 1435 905 Φιλόσοφος,
1466 850 1542 905 ἀφ’
1577 848 1693 907 οὗπερ
1724 854 1745 904 ἡ
1772 853 1842 896 νέα.
1876 855 2025 909 ἤρξατο
2058 859 2184 899 Ἀκα-

450 924 589 979 δημία·
623 926 733 978 φασὶ
771 922 813 966 δὲ
848 921 1167 972 τελευτήσαντος
1195 922 1320 961 αὑτοῦ
1354 920 1422 971 τὴν
1450 919 1611 971 σελήνην
1639 919 1839 973 ἐκλιπεῖν,
1873 924 1941 965 καὶ
1979 924 2046 966 τὸν
2076 923 2183 975 ἥλιον

451 991 629 1049 ἀμυδρὸν
658 990 856 1048 γενέσθαι.
899 990 964 1030 De
991 982 1127 1045 patria
1158 989 1257 1031 vero
1288 988 1363 1028 etsi
1394 1001 1563 1044 quoque
1590 988 1835 1045 ambigitur,
1866 1004 1920 1031 ex
1950 991 2182 1033 innumeris

448 1069 588 1101 tamen
614 1068 806 1102 veterum
826 1059 1071 1099 testimoniis
1090 1057 1152 1112 (3)
1176 1055 1354 1112 intelligi
1380 1064 1514 1111 potest
1538 1071 1631 1097 eam
1650 1057 1778 1099 fuisse
1799 1057 2012 1115 Cyrenen,
2040 1059 2181 1116 Libyae

448 1127 611 1170 urbem.
638 1127 700 1169 Ut
722 1128 835 1169 enim
863 1126 1126 1168 Atheniensis
1153 1140 1175 1166 a
1202 1124 1451 1181 quibusdam
1472 1124 1534 1180 (4)
1557 1126 1866 1179 nominaretur,
1895 1127 1993 1169 inde
2019 1127 2178 1171 factum

447 1212 536 1238 esse
568 1197 755 1249 videtur,
789 1196 902 1252 quod
925 1195 1100 1236 Athenis
1125 1194 1285 1246 docuit,
1322 1187 1752 1249 maximamquevitae
1779 1203 1941 1251 partem
1974 1196 2033 1237 ibi
2064 1212 2181 1237 com-

446 1273 629 1307 moratus
651 1273 727 1306 est.
751 1264 858 1306 Nam
883 1263 1012 1306 semel
1033 1278 1057 1305 e
1085 1264 1216 1319 patria
1244 1277 1449 1320 egressus,
1476 1278 1694 1321 nunquam
1720 1264 1765 1305 in
1790 1279 1882 1306 eam
1909 1267 2082 1309 revertit
2101 1265 2177 1321 (5).

447 1335 644 1386 Ceterum
672 1348 798 1391 quam
824 1333 909 1374 late
931 1335 975 1381 in
1000 1333 1170 1373 historia
1195 1332 1465 1389 philosophiae
1490 1339 1630 1388 pateat
1653 1340 1846 1381 veterum
1874 1347 1962 1374 mos
1991 1349 2014 1374 a
2045 1335 2179 1390 patria

445 1402 626 1450 naturali
668 1401 794 1451 simul
832 1409 875 1442 et
913 1400 1106 1458 adoptiva
1148 1417 1286 1443 unum
1330 1400 1610 1456 eumdemque
1652 1401 1791 1443 virum
1829 1401 2148 1457 cognominandi
2164 1434 2175 1453 ,

446 1473 516 1515 vix
545 1478 609 1513 est
637 1485 714 1513 cur
745 1470 815 1512 hic
842 1483 1105 1523 moneamus,
1135 1477 1229 1526 post
1250 1483 1321 1522 ea,
1349 1484 1444 1526 quae
1469 1468 1521 1510 de
1549 1468 1628 1510 hac
1653 1482 1700 1510 re
1726 1468 1796 1510 alii
1820 1470 2075 1526 scripserunt
2099 1470 2176 1527 (6).

501 1540 720 1595 Superest,
747 1547 796 1587 ut
819 1538 870 1580 de
894 1546 1015 1579 aetate
1040 1553 1228 1594 agamus,
1253 1538 1305 1579 de
1333 1553 1415 1595 qua
1436 1553 1521 1581 non
1546 1539 1649 1578 item
1673 1546 1735 1578 est
1756 1539 1965 1594 perfacilis
1991 1542 2175 1596 quaestio.

445 1600 581 1655 Habet
609 1608 723 1653 enim
751 1608 904 1662 varias,
940 1606 1189 1664 easdemque
1226 1608 1406 1649 maxime
1438 1608 1548 1649 inter
1591 1621 1633 1649 se
1672 1606 1952 1664 discrepantes
1989 1609 2175 1652 virorum

445 1677 661 1728 doctorum
692 1665 932 1726 sententias.
975 1676 1131 1719 Earum
1163 1684 1245 1718 tres
1273 1676 1532 1734 potissimum
1565 1684 1861 1717 commemorat
1895 1691 1943 1717 ac
1975 1676 2176 1736 dijudicat

443 1745 679 1794 Bruckerus
703 1746 787 1801 (7),
821 1759 951 1800 quas,
986 1759 1041 1786 ne
1071 1753 1213 1786 actum
1245 1759 1366 1801 agere
1397 1745 1640 1797 videamur,
1677 1745 1829 1787 inutile
1864 1746 2063 1789 duximus
2093 1747 2174 1789 hoc

442 1816 531 1861 loco
557 1827 799 1867 recensere3
833 1804 1013 1858 'rationes
1042 1827 1196 1871 nempe
1222 1828 1367 1856 eorum
1394 1812 1456 1869 (8)
1504 1814 1710 1867 secuturi,
1742 1814 1816 1871 qui
1848 1813 2087 1873 Apollodori
2112 1816 2174 1873 (9)

538 1962 566 2001 ς)
588 1961 660 1992 Lib.
683 1959 743 1991 lv.
766 1969 862 2002 segm.
886 1961 936 1991 62.

518 1962 566 2056 (a)
587 2013 627 2041 In
648 2021 717 2042 voc.
738 2008 918 2053 Χαριάδης.
937 2011 976 2041 Τ.
997 2013 1040 2041 11.
1066 2022 1098 2050 p.
1122 2011 1190 2041 246.
1210 2011 1288 2041 edit.
1305 2012 1400 2042 Kust.
1420 2010 1486 2042 Nec
1508 2011 1547 2041 ab
1566 2020 1602 2043 eo
1622 2010 1780 2051 discrepat
1801 2011 1916 2042 veteris
1942 2017 2053 2049 statu-
2072 2013 2173 2052 capit·

440 2057 595 2095 truncat·
625 2062 791 2103 inscriptio
808 2074 817 2094 ι
851 2067 1095 2095 mni-:unz
1133 2067 1376 2096 ouoxnuor
1408 2068 1646 2097 xrrflnmoz.
1686 2062 1809 2104 (Apud
1833 2062 1984 2102 Fulvium
2007 2063 2171 2103 Ursiaum.

439 2116 478 2147 131
521 2136 529 2145 .
553 2124 586 2155 p.
605 2115 675 2153 66.)

479 2125 562 2206 ⁰⁸(3)
583 2165 675 2207 Diog.
696 2165 800 2196 Laert.
821 2164 845 2196 1.
865 2176 893 2196 c.
911 2165 977 2196 Cic.
996 2165 1125 2196 Tuscul.
1148 2166 1266 2205 Quoest.
1288 2164 1347 2204 IV,
1372 2165 1403 2195 3.
1423 2165 1535 2197 Strabo
1555 2166 1611 2197 lib.
1633 2165 1745 2198 xvn.
1769 2176 1802 2207 p.
1826 2165 1897 2197 838.
1921 2165 1998 2197 edit.
2020 2165 2168 2199 Amelov.

439 2219 564 2249 Suada..
586 2219 610 2248 1.
629 2229 657 2248 c.
680 2218 872 2249 Plutarchus
888 2219 1087 2258 Symposiac.
1110 2219 1168 2248 lib.
1187 2219 1281 2249 Vm.
1303 2229 1336 2258 p.
1360 2229 1427 2257 7¹7·
1447 2219 1487 2248 D.

518 2270 562 2309 (4)
581 2268 792 2301 Philostratus
809 2270 868 2301 vit.
889 2269 1029 2311 Sophist.
1054 2269 1111 2300 lib.
1133 2272 1159 2300 1.
1182 2279 1214 2310 p.
1232 2270 1319 2310 49o.,
1341 2279 1474 2311 eumque
1492 2274 1613 2300 secutus
1633 2267 1784 2310 Synesius
1802 2267 1837 2299 in
1859 2267 1979 2307 Dione,
2003 2278 2035 2309 p.
2053 2268 2091 2300 55
2110 2269 2146 2299 B.

518 2322 562 2359 (5)
581 2322 646 2352 eie.
668 2323 795 2353 Tuscul.
819 2322 937 2361 Quam.
964 2322 1003 2359 v,
1023 2324 1074 2362 37.
1816 2354 1823 2358 ,

517 2371 561 2411 (6)
582 2371 630 2402 Ex
646 2372 685 2403 iis
702 2372 857 2404 indicasse
878 2372 1014 2404 sufficiat
1035 2372 1270 2404 nobilissimum
1292 2372 1487 2415 Lyndenum
1509 2372 1544 2403 in
1563 2372 1795 2414 elegantissima
1816 2372 2031 2413 disputatione
2049 2373 2088 2405 de
2109 2372 2167 2403 Pa-

438 2423 536 2454 uaetio
552 2435 584 2463 p.
604 2435 652 2454 20.
678 2426 892 2466 precipueque
911 2426 1056 2457 lensium
1076 2426 1115 2457 de
1136 2426 1250 2466 Script.
1274 2425 1359 2458 nist.
1380 2426 1501 2457 Philos.
1523 2427 1555 2464 1,
1574 2425 1623 2455 26.

516 2474 562 2513 (7)
583 2475 623 2504 ln
644 2473 723 2504 hist.
740 2475 810 2515 crit.
831 2476 948 2516 philos.
972 2482 995 2507 ι.
1019 2478 1045 2511 1.
1063 2487 1096 2516 p.
1125 2478 1182 2516 760
1199 2487 1267 2518 sqq.

517 2523 565 2564 (Β)
584 2520 709 2555 Horum
724 2526 875 2566 prueipui
895 2533 970 2559 sunt
989 2528 1117 2560 lensiu-
1133 2537 1220 2569 oper.
1239 2528 1264 2559 1.
1284 2530 1335 2564 11,
1357 2529 1403 2561 14.
1428 2526 1561 2569 Baylius
1578 2526 1613 2557 in
1633 2525 1777 2558 Dici-ion·
1796 2535 1831 2557 V·
1847 2525 2008 2562 Canu&
2027 2531 2095 2564 ¹³⁰⁸·
2119 2525 2161 2557 Ν·

436 2574 586 2610 Gnttlmn
605 2570 690 2609 Fast-
707 2575 809 2608 Anxie.
822 2573 856 2607 t.
875 2578 933 2608 IV.
955 2589 987 2618 p.
1008 2590 1074 2612 ιιι.
1091 2590 1159 2621 sqq.
1185 2579 1361 2617 sim-onius
1377 2580 1488 2617 chron-
1511 2573 1588 2617 laist.
1608 2578 1725 2612 cathol.
1743 2582 1826 2617 part.
1847 2577 1903 2614 VI.
1923 2588 1955 2617 p.
1978 2579 2062 2614 1441.
2086 2577 2161 2611 edit.

439 2627 648 2677 wesseling-3
671 2627 833 2660 Fabricius
853 2628 1000 2662 biblioth.
1022 2640 1112 2671 groc-
1134 2637 1165 2662 et
1187 2641 1265 2673 quos
1281 2630 1326 2663 ibi
1342 2631 1489 2668 laudavit
1506 2629 1680 2664 Harlesius.
1705 2635 1730 2661 t.
1755 2631 1815 2664 111.
1840 2639 1872 2670 p.
1898 2629 1963 2661 166.

518 2679 562 2718 (9)
582 2681 622 2711 In
640 2679 798 2711 chronicis
818 2680 904 2720 apud
924 2680 1016 2722 Diog.
1038 2682 1141 2713 Laert-
1162 2683 1218 2713 lib.
1240 2681 1301 2719 IV,
1325 2692 1420 2723 segm.
1441 2684 1490 2714 65.
