2743 3301
1464 302 1620 360 (56)

680 408 741 442 est
766 402 899 453 enim,
929 413 1061 445 suum
1076 411 1255 456 quaeque
1282 398 1328 439 in
1354 397 1494 441 locum
1516 404 1666 442 natura
1690 399 1890 458 rapiatur.
1909 398 2231 458 Nullumtigitur
2249 401 2401 454 animal

678 479 740 511 est
766 468 1091 525 sempiternum’'
1117 468 1194 523 (1).

1464 625 1495 679 g
1539 626 1609 666 111.

732 786 857 826 Stoici
891 786 1017 825 altera
1054 799 1106 824 ex
1137 792 1255 840 parte
1290 783 1505 838 vulgarem
1539 782 1783 838 religionem
1820 785 2048 826 rationibus
2083 801 2107 827 e
2144 788 2399 845 philosophia

679 855 877 895 desumtis
904 860 1164 895 ornaverant.
1200 851 1324 902 Quod
1355 852 1484 906 igitur
1516 865 1642 905 quam
1669 858 1774 891 esset
1799 851 2045 904 absurdum,
2073 855 2287 897 ostendere
2309 864 2400 897 stu—

678 923 779 964 dens
799 922 1049 973 Carneades,
1067 922 1142 983 ᾔ
1164 918 1591 976 argumentationibus
1606 933 1707 960 usus
1728 927 1807 971 est,
1822 928 1871 961 ut
1885 930 2002 963 vocat
2021 923 2168 965 Sextus
2181 924 2401 979 (ma-mu—

677 991 912 1036 ὃαιοτοὶτοις
943 994 1010 1032 καὶ
1036 987 1370 1034 ἀνυτικωτάτοις.
1394 987 1550 1026 Earum
1571 1000 1668 1027 vero
1691 987 1760 1026 hic
1780 988 1977 1042 quasdam
1997 990 2181 1031 attulisse
2206 992 2399 1045 sufficiat,

676 1067 725 1101 ut
758 1074 808 1100 ex
839 1060 888 1100 iis
903 1066 1148 1114 ,ceterarum
1178 1058 1281 1098 ratio
1312 1057 1529 1113 perspicua
1554 1057 1644 1097 fieri
1674 1057 1820 1113 possit:
1862 1073 1886 1098 ))
1902 1058 1945 1098 Si
1974 1059 2042 1100 Dii
2076 1068 2200 1112 sunt,
2239 1062 2398 1117 inquit,

677 1137 829 1170 suntne
861 1130 987 1169 etiam
1009 1127 1213 1185 Nymphae
1245 1125 1375 1166 Deae?
1409 1126 1451 1166 Si
1477 1125 1681 1182 Nymphae
1715 1126 1903 1179 Panisci,
1938 1128 2062 1168 etiam
2093 1136 2135 1169 et
2159 1129 2321 1186 Satyri?
2346 1130 2400 1171 Hi

677 1205 819 1239 autem
855 1213 940 1237 non
977 1204 1096 1238 sunt:
1137 1211 1191 1236 ne
1223 1195 1426 1252 Nymphae
1465 1194 1635 1249 quidem
1671 1194 1769 1235 Deae
1803 1196 1945 1251 igitur.
1985 1198 2040 1236 At
2071 1212 2214 1239 earum
2247 1200 2399 1256 templa

676 1275 775 1309 sunt
805 1266 973 1324 publice
1002 1273 1095 1308 vota
1123 1273 1166 1307 et
1191 1264 1389 1307 dedicata.
1424 1262 1539 1314 Quid
1570 1262 1730 1320 igitur?
1759 1277 1814 1305 ne
1841 1266 1967 1307 ceteri
1993 1266 2160 1323 quidem
2187 1283 2286 1325 ergo
2310 1270 2398 1322 Dii,

675 1352 853 1392 quorum
888 1336 1043 1390 templa
1082 1343 1181 1376 sunt
1213 1334 1411 1375 dedicata.
1456 1335 1544 1388 Age
1571 1348 1713 1389 porr0,
1745 1334 1892 1375 Jovem
1929 1342 1971 1375 et
2009 1336 2254 1392 Neptunum
2292 1338 2399 1378 Deos

672 1402 895 1446 numeras?
923 1404 1032 1458 Ergo
1052 1403 1177 1443 etiam
1198 1401 1353 1453 Orcus,
1375 1401 1502 1441 frater
1526 1416 1693 1452 eorum,
1718 1402 1852 1453 Deus,
1879 1411 1920 1443 et
1938 1403 2019 1454 illi,
2044 1405 2117 1458 qui
2138 1405 2267 1445 fluere
2285 1406 2398 1460 apud

674 1473 828 1514 inferos
849 1472 1048 1512 dicuntur
1068 1470 1282 1521 Acheron,
1304 1469 1504 1525 CocytuS‚
1535 1470 1658 1525 Styx,
1682 1470 1963 1526 Phlegethon,
1984 1478 2074 1512 tum
2101 1470 2282 1525 Charon,
2305 1481 2397 1514 tum

677 1542 901 1591 Cerberus,
930 1542 999 1580 Dii
1031 1539 1221 1596 putandi.
1252 1540 1307 1579 At
1332 1539 1373 1578 id
1407 1538 1579 1594 quidem
1609 1538 1930 1594 repudiandum.
1968 1538 2031 1579 Ne
2063 1540 2196 1582 Orcus
2227 1541 2397 1596 quidem

674 1609 837 1667 igitur?
864 1609 979 1659 Quid
1008 1609 1141 1649 dicitis
1166 1622 1264 1663 ergo
1293 1606 1344 1648 de
1372 1606 1570 1648 fratribus
1592 1606 1687 1662 (3)‘?
1721 1607 1885 1648 »Plura
1911 1608 1955 1648 in
1979 1608 2167 1649 eamdem
2195 1611 2396 1651 rationem

676 1696 698 1720 a
723 1673 936 1719 Carneade
957 1678 1162 1734 disputata
1181 1678 1451 1733 reperiuntur
1470 1676 1581 1732 apud
1601 1677 1797 1717 eumdem
1817 1676 2056 1718 Ciceronem
2076 1677 2138 1732 (4)
2164 1684 2207 1717 et
2224 1677 2396 1719 Sextum

675 1748 935 1805 Empiricum
961 1746 1047 1803 (5),
1083 1760 1178 1803 quae
1202 1745 1315 1802 apud
1338 1746 1444 1802 ipsos
1475 1743 1651 1787 videnda
1680 1752 1791 1787 sunt.

1458 1914 1490 1969 g
1537 1913 1610 1954 lv,

732 2066 959 2114 Praeterea,
980 2070 1029 2103 ut
1053 2063 1160 2106 Deos
1178 2075 1264 2102 esse
1281 2059 1504 2116 probarent
1528 2060 1675 2111 Stoici,
1706 2068 2003 2116 argumentum
2029 2062 2153 2102 etiam
2179 2062 2396 2105 sumebant

676 2133 727 2174 ab
755 2147 900 2175 eorum
933 2131 1219 2188 providentia,
1260 2144 1387 2186 quam
1431 2144 1528 2170 cum
1565 2128 1655 2170 aliis
1682 2128 1935 2182 rationibus,
1974 2138 2065 2172 tum
2103 2131 2181 2172 hac
2218 2134 2397 2173 maxime

677 2201 995 2252 confirmabant,
1029 2199 1143 2256 quod
1173 2199 1311 2239 omnia
1341 2198 1563 2238 animantia
1595 2198 1775 2239 hominis
1806 2213 1946 2240 caussa
1979 2207 2114 2240 essent
2143 2207 2291 2241 creata.
2314 2185 2397 2242 'Ad

678 2286 745 2312 eos
782 2278 923 2312 autem
956 2267 1253 2326 aggrediendos
1294 2281 1433 2308 ansam
1471 2266 1660 2309 sumebat
1700 2267 1930 2309 Carneades
1972 2267 2024 2309 ab
2062 2269 2140 2310 hac
2179 2268 2396 2327 Chrysippi

755 2431 799 2469 (1)
819 2430 883 2460 Cic.
904 2429 942 2459 de
961 2429 1027 2458 Nat
1048 2429 1143 2458 Deor.
1167 2427 1225 2457 lib.
1251 2429 1318 2463 111,
1350 2437 1384 2456 η
1398 2444 1416 2450 -
1438 2428 1484 2457 14.

756 2483 798 2521 (2)
820 2481 904 2512 Adv.
927 2481 1078 2511 Mathem.
1102 2480 1162 2510 IX.
1186 2479 1203 2518 §
1227 2479 1292 2509 182.

757 2535 802 2571 (3)
822 2534 886 2563 Cic.
911 2533 949 2562 de
967 2532 1043 2563 Nat.
1071 2533 1165 2562 Deor-
1190 2531 1237 2561 lib
1260 2533 1322 2560 111.
1343 2541 1411 2570 cap.
1439 2541 1484 2570 ¹7·

770 2585 788 2612 4
822 2584 860 2613 L.
887 2594 914 2613 c.
939 2593 973 2613 ca
1001 2605 1007 2611 .
1033 2583 1069 2612 18
1152 2604 1159 2611 .

757 2584 800 2674 {5}
821 2634 907 2666 Adv.
932 2592 1166 2664 milhem-⁸⁴¹1}
1187 2633 1205 2673 §
1225 2634 1278 2662 182
1291 2650 1308 2655 -
1330 2643 1394 2673 ¹9¹·
1413 2633 1539 2663 Adhibe
1559 2633 1752 2665 Clementem
1772 2632 2024 2665 Alexandrinum
2046 2633 2201 2673 Protrept.
2224 2641 2255 2671 p.
2283 2633 2348 2662 284.
