2743 3294
1193 291 1214 346 (
1240 292 1290 342 4ι
1326 292 1347 346 )

413 387 683 432 invitamenta
707 392 880 428 naturae.
913 384 1036 426 Hunc
1061 385 1243 440 primum
1268 385 1498 441 appetitum
1530 386 1598 427 alii
1630 388 1672 428 in
1704 388 1913 445 voluptate
1941 404 2120 447 ponunt,

414 457 483 502 alii
513 458 557 497 in
589 456 737 499 doloris
767 454 994 506 vacuitate,
1031 452 1100 495 alii
1128 452 1172 494 iu
1203 453 1345 508 primis
1376 453 1606 498 secundum
1640 464 1843 500 naturam.
1886 459 1934 501 In
1972 460 2119 505 horum

411 524 539 583 igitur
566 524 695 566 trium
720 522 880 580 aliquo,
914 536 1010 563 cum
1035 521 1141 561 nihil
1169 523 1336 561 omnino
1361 530 1509 577 praeter
1536 524 1624 563 haec
1650 528 1726 565 tria
1752 530 1875 580 possit
1898 544 2005 577 esse,
2043 546 2120 571 ne-

411 610 520 640 cesse
542 603 606 636 est
628 595 741 634 illam
766 593 1028 649 prudentiam
1055 594 1227 634 versari:
1255 593 1352 633 hinc
1377 593 1549 634 existere
1568 592 1691 634 dehet
1716 596 1817 636 ratio
1842 598 1943 639 recti
1970 597 2119 642 hones.-

410 664 551 720 tique,
591 676 683 718 quae
719 676 816 703 cum
847 661 1018 705 istorum
1052 661 1179 701 trium
1217 659 1354 717 aliquo
1388 668 1600 716 congruat.
1660 662 1796 718 Atque
1839 666 1895 705 ita
1938 668 2007 718 fit,
2043 677 2116 719 ut,

410 738 563 788 quanta
595 730 827 771 differentia
857 737 917 771 est
944 730 987 769 in
1013 729 1225 785 principiis
1256 729 1532 779 naturalibus,
1562 738 1673 771 tanta
1704 733 1756 772 sit
1789 733 1833 772 in
1860 734 2009 776 finibus
2041 736 2115 776 bo-

409 814 560 844 norum
590 799 876 854 malorumque
908 797 1206 839 dissimilitudo.
1246 797 1437 851 Cumque
1476 796 1525 837 ab
1552 798 1694 840 iisdem
1726 802 1937 857 principiis
1967 804 2116 860 triplex

410 883 575 926 quoque
602 869 654 910 sit
676 867 903 911 officiorum
929 867 1092 918 relatio,
1117 879 1187 905 sex
1213 864 1452 906 obtinentur
1477 866 1680 922 simplices
1705 871 1938 922 sententiae3
1966 872 2118 927 junctae

411 944 549 981 autem
570 944 611 977 et
630 936 813 992 duplices
839 937 1111 992 expositiones
1135 936 1285 976 summi
1312 934 1408 978 boni
1435 943 1514 976 tres
1544 937 1711 978 omnino
1738 946 1855 991 sunt,
1877 954 1955 981 nec
1979 942 2118 997 plures

411 1018 496 1046 esse
524 1012 723 1059 possunt:
757 1020 854 1048 nam
883 1011 957 1045 aut
989 1003 1264 1059 voluptatem‚
1298 1011 1370 1044 aut
1398 1004 1545 1045 doloris
1577 1009 1850 1060 vacuitatem,
1884 1017 1957 1050 aut
1984 1012 2117 1066 prima

409 1080 588 1124 naturae,
621 1072 673 1112 ad
696 1072 951 1115 honestatem
977 1071 1202 1129 adjungere
1233 1072 1329 1112 licet
1359 1073 1433 1127 (1).

1188 1254 1219 1309 g
1262 1254 1333 1292 111.

465 1427 552 1468 Hac
579 1426 781 1469 divisione
806 1426 1048 1477 constituta,
1078 1427 1165 1480 ipse
1193 1424 1362 1480 quidem
1389 1423 1693 1476 introducebat,
1723 1440 1931 1468 summum
1956 1427 2111 1470 bonum

409 1511 515 1547 esse,
548 1496 633 1536 frui
660 1496 709 1536 iis
733 1494 876 1545 rebus,
904 1509 1007 1549 quas
1033 1494 1184 1549 pu'mas
1208 1500 1359 1538 natura
1385 1492 1699 1545 conciliavisset3
1730 1508 1811 1535 non
1839 1503 1976 1537 tamen
2001 1498 2113 1551 quod

408 1564 618 1621 probaret,
650 1563 721 1605 sed
747 1571 795 1605 ut
821 1570 1048 1619 opponeret
1067 1563 1214 1605 Stoicis
1237 1562 1317 1617 (2),
1362 1562 1674 1618 ostenderetque
1705 1578 1791 1603 non
1820 1564 1900 1604 illis
1928 1580 2112 1607 caussam

409 1633 562 1683 fuisse,
601 1647 676 1672 cur
707 1631 758 1672 ab
788 1631 1041 1672 Academicis
1070 1640 1113 1671 et
1144 1632 1424 1685 Peripateticis
1465 1631 1733 1671 discederent.
1778 1632 1920 1681 Quare
1956 1633 2112 1675 Stoicus

410 1702 509 1741 Cato
551 1700 662 1755 apud
702 1700 941 1740 Ciceronem
973 1700 1055 1755 (3),
1111 1699 1224 1742 »His
1256 1699 1383 1755 igitur
1422 1700 1479 1739 ita
1520 1699 1684 1754 positiS‚
1722 1699 1881 1754 inquit,
1925 1702 2112 1756 sequitur

407 1784 554 1825 magna
589 1762 824 1808 contentio:
871 1782 995 1823 quam
1030 1775 1244 1810 tractatam
1282 1782 1305 1808 a
1336 1768 1618 1822 Peripateticis
1656 1766 1818 1807 mollius
1868 1768 1961 1822 (est
1998 1771 2109 1811 enim

407 1851 552 1878 eorum
577 1835 829 1876 consuetudo
853 1834 1017 1879 dicendi
1043 1851 1129 1876 non
1159 1838 1254 1879 satis
1274 1844 1414 1887 acuta,
1439 1843 1605 1890 propter
1630 1837 1926 1891 ignorationem
1956 1838 2110 1880 dialec-

407 1905 522 1958 ticae)
552 1904 779 1946 Carneades
804 1912 921 1955 tuus,
948 1905 1112 1960 egregia
1139 1904 1315 1959 quadam
1340 1904 1630 1946 exercitatione
1663 1905 1707 1946 in
1741 1905 1963 1948 dialecticis
1992 1894 2109 1949 sum-

407 1986 558 2029 maque
576 1971 833 2027 eloquentia,
862 1986 950 2017 rem
973 1974 1024 2015 ,in
1048 1987 1259 2016 smmum
1290 1972 1509 2017 discrimen
1537 1974 1730 2025 adduxit,
1757 1983 1973 2030 propterea
1999 1979 2110 2031 quod

408 2053 593 2095 pugnare
629 2054 714 2082 non
747 2039 901 2077 destitit
934 2040 979 2078 in
1007 2041 1123 2097 omni
1157 2040 1237 2081 hac
1269 2042 1491 2095 quaestione
1506 2072 1517 2092 ,
1562 2056 1655 2096 quae
1688 2041 1740 2084 de
1771 2041 1889 2087 bonis
1919 2051 1961 2085 et
1992 2045 2108 2091 malis

407 2106 658 2165 appelletur,
687 2119 770 2145 non
796 2118 882 2146 esse
906 2118 1048 2149 rerum
1071 2107 1215 2150 Stoicis
1236 2120 1338 2150 ,cum
1363 2108 1643 2163 Peripateticis
1669 2111 2007 2161 controversiam,
2034 2112 2108 2151 sed

406 2174 664 2220 nominum.”
709 2175 905 2217 Ceterum
931 2189 983 2217 ex
1007 2176 1169 2228 multis,
1207 2178 1252 2217 in
1278 2176 1429 2233 quibus
1454 2176 1661 2233 probabile
1688 2185 1748 2218 est
1778 2177 1953 2219 Stoicam
1979 2179 2107 2220 ratio-

407 2260 504 2287 nem
532 2243 751 2285 Carneadis
780 2244 961 2287 acumini
987 2245 1168 2297 cessisse,
1200 2235 1286 2286 hoc*
1322 2260 1373 2286 ex
1409 2245 1604 2286 Cicerone
1635 2246 1804 2297 scimus,
1844 2253 2001 2286 coactos
2037 2261 2105 2287 eos

407 2323 457 2358 ut
474 2312 716 2366 ε’ωοξὶαν-θι
732 2311 902 2368 rejectis
921 2313 964 2357 in
976 2315 1229 2368 praeposita
1250 2315 1531 2359 transferrent.
1549 2314 1627 2356 Sed
1641 2313 1789 2369 quibus
1816 2313 2041 2355 rationibus
2064 2316 2109 2356 id

407 2383 603 2426 effectum
632 2383 705 2434 sit,
737 2394 942 2438 nusquam
966 2382 1176 2438 proditum
1206 2391 1280 2424 est.
1310 2382 1515 2424 Ciceronis
1540 2390 1679 2424 autem
1713 2381 1834 2424 verba
1869 2381 1957 2423 haec
1985 2390 2105 2424 sunt:

485 2532 527 2572 (1)
546 2531 610 2562 Cic.
638 2531 675 2560 de
695 2530 799 2559 Finib.
824 2530 879 2559 lib.
901 2530 940 2560 V.
964 2540 1032 2569 cap.
1054 2531 1085 2560 6.
1107 2540 1153 2569 sq.

484 2586 528 2624 (2)
548 2583 612 2614 Cic.
637 2582 675 2612 de
695 2582 802 2613 Finib.
819 2583 869 2620 11,
898 2582 996 2613 11-in
1012 2581 1068 2613 fin.
1094 2580 1198 2613 Conff.
1221 2583 1271 2618 11,
1297 2581 1341 2610 13.
1360 2581 1416 2617 IV,
1443 2579 1487 2610 16.
1511 2578 1550 2616 V,
1573 2589 1600 2616 7.
1625 2576 1747 2607 Acadd.
1770 2579 1819 2614 11,
1842 2578 1891 2607 42.

484 2637 530 2676 (ὦ)
549 2636 613 2666 cic.
636 2633 674 2665 dc
692 2633 796 2666 Finib.
815 2635 882 2672 m,
910 2643 957 2664 η.

1531 2669 1555 2704 6
