2743 3301
1463 288 1481 340 (
1512 288 1563 337 34
1595 288 1614 339 )

682 386 883 425 rationem
920 382 1184 424 evei-tendam
1222 382 1482 437 praestantius
1517 381 1753 438 certiusque
1787 385 1959 438 reperiri
1992 393 2153 439 poterat
2179 401 2403 441 argumen-

681 462 794 502 tum,
830 466 955 506 quam
984 450 1096 504 quod
1124 449 1310 500 doceret,
1337 465 1436 491 cum
1467 445 1765 499 animalitate,
1800 452 1889 506 (his
1912 452 2045 493 verbis
2071 461 2241 494 utamur
2264 454 2402 508 licet),

679 521 904 561 necessario
936 518 1200 574 conjunctam
1229 533 1315 559 esse
1343 521 1665 560 mortalitatem.
1707 519 1926 560 Carneadis
1952 520 2059 560 hanc
2085 523 2128 560 in
2158 535 2245 561 rem
2277 521 2403 577 syllo—

678 592 847 644 gismos,
890 588 1080 642 quamvis
1117 589 1198 629 sint
1236 587 1467 642 longiores,
1509 603 1643 646 operae
1682 596 1820 631 tamen
1859 591 2042 645 pretium
2083 605 2167 630 esse
2206 590 2402 630 duximus

678 658 763 698 huc
790 670 841 697 ex
870 656 1069 696 Cicerone
1095 669 1317 711 apponere.
1353 655 1561 697 Ciceronis
1588 664 1728 698 autem
1754 657 1868 698 locus
1900 657 1968 699 hic
1996 666 2077 700 est:
2109 674 2132 699 >³
2144 657 2216 699 Illa
2238 666 2399 711 autem,

675 742 768 782 quae
793 726 1022 766 Carneades
1041 724 1237 765 afferebat
1250 725 1331 778 (1),
1353 726 1705 780 quemadmodum
1734 726 1979 767 dissolvitis?
2003 729 2044 766 Si
2066 728 2229 768 nullum
2253 742 2400 782 corpus

676 795 908 836 immortale
934 796 1006 846 sit,
1035 793 1199 835 nullum
1220 807 1305 834 esse
1325 808 1473 850 corpus
1497 795 1819 850 sempiternum:
1840 810 1989 851 corpus
2010 804 2149 836 autem
2170 796 2400 837 immortale

675 865 841 906 nullum
876 879 988 914 esse,
1026 878 1080 903 ne
1112 862 1376 903 individuum
1408 863 1599 917 quidem,
1633 877 1710 902 nec
1748 863 1860 918 quod
1888 863 2025 903 dirimi
2058 863 2281 905 distrahive
2317 879 2399 904 non

675 935 813 989 possit.
846 933 1037 987 Cumque
1070 946 1191 971 omne
1224 931 1376 970 animal
1408 931 1620 986 patibilem
1648 940 1839 972 naturam
1862 932 2031 983 habeat3
2054 933 2220 974 nullum
2242 941 2301 973 est
2328 948 2400 973 eo-

674 1018 790 1051 rum,
824 1001 934 1054 quod
967 1000 1140 1053 effugiat
1175 998 1403 1052 accipiendi
1437 997 1594 1052 aliquid
1626 1000 1901 1050 extrinsecus,
1935 1000 1977 1040 id
2002 1008 2062 1040 est
2092 1003 2206 1056 quasi
2239 1001 2400 1041 ferendi

673 1077 715 1109 et
746 1067 931 1124 patiendi
965 1067 1262 1106 necessitatem.
1308 1064 1415 1119 [Et,
1450 1067 1483 1105 si
1507 1081 1630 1106 omne
1661 1068 1814 1108 animal
1843 1069 2015 1109 mortale
2043 1077 2129 1121 est,
2168 1070 2400 1111 immortale

673 1137 841 1178 nullum
881 1136 987 1190 est.]
1024 1136 1132 1189 Ergo
1166 1134 1309 1173 itidem
1342 1135 1374 1172 si
1401 1134 1463 1188 (2)
1502 1148 1624 1174 omne
1656 1136 1809 1175 animal
1840 1138 1967 1177 secari
2002 1152 2048 1176 ac
2083 1138 2209 1177 dividi
2246 1146 2398 1192 potest,

675 1205 842 1248 nullum
878 1212 938 1246 est
970 1217 1115 1246 eorum
1145 1201 1408 1244 individuum
1426 1195 1440 1252 ‚¹
1469 1201 1635 1245 nullum
1672 1211 1889 1245 aeternum.
1935 1206 2064 1259 Atqui
2096 1220 2219 1247 omne
2250 1207 2401 1248 animal

678 1274 730 1315 ad
756 1272 1041 1327 accipiendam
1070 1273 1154 1313 vim
1183 1279 1395 1312 externam
1427 1279 1469 1311 et
1494 1271 1709 1313 ferendam
1737 1280 1929 1327 paratum
1962 1281 2038 1313 est:
2074 1274 2246 1315 mortale
2273 1275 2401 1328 igitur

674 1356 796 1384 omne
816 1341 991 1391 animal,
1025 1348 1068 1380 et
1089 1339 1346 1389 dissolubile,
1382 1347 1425 1380 et
1455 1339 1673 1382 dividuum
1702 1342 1753 1382 sit
1783 1355 1949 1383 necesse
1983 1349 2055 1382 est.
2110 1341 2170 1384 Ut
2200 1343 2338 1394 enim,
2367 1344 2399 1385 si

673 1413 804 1453 omnis
840 1425 932 1452 cera
972 1409 1277 1450 commutabilis
1318 1416 1448 1458 esset,
1488 1410 1593 1449 nihil
1637 1418 1740 1449 esset
1773 1425 1962 1459 cereum,
2005 1411 2116 1465 quod
2154 1412 2399 1453 commutari

672 1494 756 1521 non
784 1486 941 1535 posset:
975 1478 1076 1519 item
1108 1476 1213 1519 nihil
1241 1483 1485 1532 argenteum
1503 1508 1515 1528 ‚
1547 1477 1653 1519 nihil
1683 1492 1871 1529 aeueum,
1904 1479 1936 1519 si
1967 1478 2268 1521 commutabilis
2297 1487 2400 1522 esset

670 1557 817 1589 natura
846 1548 1006 1602 argenti
1035 1555 1078 1587 et
1103 1547 1215 1587 aeris:
1248 1545 1438 1586 similiter
1463 1546 1614 1599 igitur,
1646 1547 1678 1585 si
1711 1547 1869 1596 omnia,
1902 1559 1996 1600 quae
2032 1554 2155 1596 sunt,
2190 1560 2213 1587 e
2251 1546 2401 1600 quibus

671 1622 824 1657 cuncta
858 1622 1071 1665 constant,
1107 1612 1320 1655 mutabilia
1351 1620 1470 1665 sunt3
1504 1613 1671 1655 nullum
1700 1629 1850 1670 corpus
1879 1629 1963 1655 esse
1992 1622 2125 1669 potest
2152 1629 2235 1654 non
2261 1622 2400 1655 muta-

672 1684 780 1724 bile':
814 1682 1030 1724 mutabilia
1063 1690 1202 1723 autem
1233 1688 1331 1722 sunt
1364 1681 1470 1732 illa,⁴
1493 1695 1542 1722 ex
1584 1681 1736 1738 quibus
1776 1683 1913 1724 omnia
1947 1690 2159 1733 constant,
2182 1679 2184 1683 ’
2205 1690 2254 1725 ut
2288 1682 2400 1724 vohis

670 1754 857 1795 videtur:
903 1767 1026 1793 omne
1063 1753 1193 1806 igitur
1224 1766 1373 1805 corpus
1410 1751 1608 1792 mutabile
1640 1759 1713 1792 est.
1765 1755 1819 1792 At
1853 1754 1886 1792 si
1913 1759 2018 1792 esset
2051 1765 2199 1805 corpus
2232 1751 2397 1805 aliquod

669 1822 923 1873 immortale,
955 1836 1039 1862 non
1064 1828 1169 1861 esset
1197 1834 1320 1860 omne
1345 1819 1558 1859 mutabile.
1586 1820 1646 1859 Ita
1670 1821 1867 1871 efficitur,
1898 1828 1947 1861 ut
1973 1832 2096 1860 omne
2116 1833 2264 1873 corpus
2287 1833 2399 1860 mor-

673 1892 753 1933 tale
774 1893 839 1932 sit.
867 1892 1035 1932 Etenim
1055 1904 1178 1930 omne
1207 1903 1355 1943 corpus
1383 1896 1456 1929 aut
1481 1903 1609 1944 aqua,
1634 1898 1708 1930 aut
1731 1893 1821 1940 aer,
1848 1898 1920 1930 aut
1937 1890 2063 1944 ignis,
2091 1897 2164 1930 aut
2188 1897 2293 1930 terra
2317 1896 2399 1946 est,

672 1969 745 2001 aut
778 1960 841 2011 id,
877 1960 988 2014 quod
1015 1967 1076 1999 est
1106 1966 1345 1998 concretum
1369 1972 1419 1996 ex
1453 1958 1540 2007 his,
1577 1966 1650 1997 aut
1676 1972 1725 1997 ex
1753 1958 1890 2012 aliqua
1912 1964 2028 2011 parte
2047 1970 2205 1998 eorum.
2235 1957 2395 1998 Horum

672 2037 814 2069 autem
848 2027 955 2067 nihil
985 2035 1069 2078 est,
1107 2028 1208 2082 quin
1247 2027 1435 2067 intereat.
1479 2026 1584 2067 Nam
1620 2034 1662 2067 et
1692 2034 1905 2067 terrenum
1933 2039 2055 2065 omne
2086 2023 2311 2075 dividitur,
2350 2033 2391 2065 et

676 2099 827 2139 humor
864 2098 919 2136 ita
952 2095 1086 2137 mollis
1117 2103 1196 2146 est,
1231 2103 1281 2136 ut
1313 2095 1434 2136 facile
1465 2097 1681 2152 comprimi
1714 2095 1936 2150 collidique
1962 2095 2109 2149 possit:
2148 2095 2253 2148 ignis
2280 2108 2396 2144 vero,

674 2175 715 2206 et
737 2169 806 2205 aer
838 2167 951 2205 omni
976 2164 1161 2219 impulsu
1187 2165 1383 2204 facillime
1403 2165 1586 2219 pellitur,
1608 2173 1841 2220 naturaque
1869 2162 2017 2203 cedens
2045 2158 2105 2201 est
2132 2162 2331 2213 maxime,
2356 2170 2397 2202 et

672 2233 926 2291 dissipabilis.
961 2233 1168 2275 Praeterea
1197 2234 1332 2274 onmia
1365 2233 1453 2275 haec
1479 2243 1570 2276 tum
1597 2236 1831 2284 intereunt,
1867 2247 1964 2273 cum
1991 2233 2036 2272 in
2062 2239 2249 2271 naturam
2273 2232 2394 2272 aliam

672 2312 1001 2345 convertuntur:
1033 2303 1145 2358 quod
1172 2304 1240 2353 fit,
1273 2317 1369 2343 cum
1396 2311 1503 2343 terra
1529 2305 1574 2344 in
1599 2318 1750 2360 aquam
1774 2316 1816 2342 se
1847 2301 1992 2351 vertit,
2019 2307 2061 2340 et
2090 2314 2185 2340 cum
2214 2314 2264 2340 ex
2289 2314 2395 2354 aqua

674 2373 805 2414 oritur
838 2375 928 2423 aer,
960 2379 1003 2412 et
1031 2386 1128 2413 cum
1157 2386 1207 2412 ex
1239 2374 1332 2425 aere
1364 2372 1509 2424 aether,
1547 2387 1730 2429 cumque
1761 2370 1905 2413 eadem
1934 2370 2111 2411 vicissim
2143 2377 2252 2409 retro
2279 2384 2397 2410 com-

711 2503 837 2540 (1)·Cic.
860 2503 897 2532 de
918 2503 958 2533 N.
982 2503 1022 2533 D.
1049 2506 1093 2533 Π.
1115 2515 1141 2533 c.
1167 2514 1212 2532 12.

709 2556 752 2593 (2)
772 2542 938 2594 Sequimur
965 2565 1023 2585 not
1047 2557 1209 2586 meliorem
1234 2555 1401 2586 lectionem
1427 2566 1499 2595 ergo
1529 2557 1637 2586 itidem
1664 2557 1694 2586 si
1719 2564 1776 2594 pro
1803 2554 1927 2593 vulgari
1956 2558 1987 2582 et
2014 2553 2060 2587 si,
2090 2552 2129 2581 ab
2154 2551 2337 2581 Heindorfio
2361 2557 2392 2579 et

665 2606 813 2635 Creuzero
833 2612 1022 2635 revocatam.
