2743 3301
1119 315 1139 370 (
1170 318 1214 356 5¹
1252 317 1271 370 )

343 419 459 474 quasi
490 431 631 458 verum
663 418 797 471 ipsum
826 413 1041 454 obtineret.
1074 409 1128 449 Et
1152 410 1215 449 his
1243 410 1436 464 praefecto
1468 410 1690 450 rationibus
1716 408 1837 448 facile
1867 406 2048 446 adduce—

344 499 484 527 remur
511 485 560 526 ad
590 485 824 526 Sextianam
854 480 1137 523 auctoritatem
1163 478 1285 536 plane
1309 478 1655 537 amplectendam,
1686 480 1761 521 nisi
1787 477 1949 521 Tullius
1988 477 2050 531 (1)

346 571 485 597 rursus
511 556 589 595 alio
615 556 703 594 loco
732 554 907 593 diceret:
941 564 1054 606 posse
1083 550 1331 604 sapientem,
1359 551 1445 589 sine
1465 550 1711 599 assensione,
1742 551 1869 604 ipsam
1903 548 2047 588 verisi-

349 623 625 665 militudinem
657 636 740 662 non
767 619 1004 676 impeditam
1035 619 1151 675 sequi
1184 618 1259 673 (2).

1110 777 1142 832 ἓ
1182 777 1257 815 xl.

408 925 668 966 Academicos
706 932 747 965 et
782 921 1033 964 Carneadem
1067 922 1109 961 in
1141 915 1360 962 evertenda'
1393 922 1621 963 Stoicorum
1655 922 1865 962 dialectica
1902 922 2051 962 multos

352 994 503 1043 fuisse,
543 1001 585 1033 et
621 991 848 1032 tacentibus
885 991 1043 1031 disertis
1077 997 1265 1029 veterum
1311 990 1576 1041 testimoniis,
1615 990 1848 1047 conjectura
1895 990 2051 1045 assequi

351 1077 583 1119 possumus,
604 1069 646 1101 et
667 1060 905 1101 indicavisse
928 1059 1092 1101 videtur
1123 1058 1265 1100 Cicero
1291 1059 1366 1114 (3).
1403 1061 1464 1100 De
1491 1060 1707 1100 Carneadis
1734 1061 1901 1116 quidem
1927 1061 2053 1100 ratio-

351 1132 471 1173 nibus
505 1131 611 1171 nihil
643 1130 693 1170 ad
727 1137 906 1170 nostram
936 1130 1176 1169 memoriam
1205 1130 1418 1184 pervenit,
1458 1130 1535 1168 nisi
1565 1136 1806 1184 argumenta
1839 1128 2052 1183 quaedam,

352 1200 500 1255 quibus
539 1198 755 1254 Chrysippi
795 1198 1039 1237 sententiam
1074 1197 1124 1237 de
1165 1198 1452 1253 Ἡσυχοίζοντι
1488 1198 1607 1252 Λόγῳ
1640 1198 1895 1237 refutaverit.
1934 1198 1980 1235 In
2008 1212 2053 1235 ea

355 1267 627 1322 disputatione
651 1280 788 1304 ansam
810 1266 952 1320 arripit
975 1265 1203 1305 Stoicorum
1228 1265 1378 1305 fastum
1400 1273 1441 1305 et
1465 1265 1765 1319 impudentiam
1787 1265 2051 1315 retundendi,

354 1336 425 1389 qui
453 1348 599 1387 magna
624 1347 720 1372 eum
747 1332 986 1372 difficultate
1017 1333 1279 1387 premebant,
1299 1333 1409 1387 quod
1428 1334 1472 1372 in
1503 1333 1623 1373 rebus
1648 1333 1825 1373 obscuris
1846 1348 2053 1373 assensum

353 1402 597 1452 sustineret,
636 1416 730 1442 cum
767 1401 843 1456 ipsi
877 1401 921 1440 in
952 1400 1075 1441 rebus
1107 1401 1397 1442 illustrioribus
1429 1401 1538 1441 idem
1573 1402 1767 1441 facerent.
1824 1402 1902 1441 Sed
1937 1402 2053 1457 juvat

355 1472 482 1526 ipsam
515 1470 832 1525 disputationem
873 1467 1078 1509 Ciceronis
1114 1483 1304 1510 enarrare
1348 1468 1506 1512 verbis:
1545 1469 1774 1510 »Placebat
1807 1470 2052 1527 Chrysippo,

356 1553 451 1580 cum
478 1538 676 1593 gradatim
702 1538 1048 1592 interrogaretur,
1070 1538 1183 1577 verbi
1203 1552 1358 1588 caussa,
1384 1540 1481 1589 tria,
1504 1553 1632 1593 pauca
1659 1540 1740 1578 sint
1768 1553 1875 1578 anne
1904 1539 2053 1578 multa:

356 1607 564 1661 aliquanto
583 1606 717 1661 prius,
740 1619 863 1660 quam
892 1605 942 1646 ad
963 1605 1090 1646 multa
1115 1606 1365 1660 perveniret,
1386 1607 1595 1661 quiescere
1609 1637 1619 1657 ,
1649 1606 1690 1646 id
1707 1614 1785 1657 est,
1811 1605 1921 1661 quod
1941 1605 1990 1645 ab
2008 1607 2056 1646 iis

354 1675 551 1728 (Stoicis)
582 1674 750 1736 dicitur,
778 1673 1007 1728 ἡσυχάζειν
1025 1674 1097 1727 (4).
1135 1675 1214 1713 Per
1243 1687 1308 1713 me
1337 1673 1400 1713 vel
1426 1681 1568 1713 stertas
1585 1674 1700 1723 licet,
1721 1675 1856 1728 inquit
1877 1674 2054 1713 Carnea—

357 1743 450 1794 des,
486 1757 568 1782 non
596 1741 714 1782 modo
740 1742 935 1797 quiescas.
968 1742 1047 1782 Sed
1073 1741 1173 1796 quid
1203 1742 1329 1796 prosit
1354 1741 1446 1795 (5)'?
1484 1742 1669 1795 sequitur
1695 1743 1803 1781 enim
1831 1744 1903 1797 qui
1933 1751 1972 1783 te
2003 1758 2053 1783 ex

356 1823 497 1850 somno
526 1811 676 1849 excitet
709 1816 751 1849 et
782 1808 926 1849 eodem
961 1808 1083 1849 modo
1115 1809 1366 1864 interroget,
1406 1823 1487 1863 quo
1518 1809 1560 1848 in
1591 1823 1763 1850 numero
1796 1812 2052 1861 conticuisti,

358 1879 390 1918 si
440 1878 489 1917 ad
527 1892 625 1918 eum
661 1889 885 1917 numerum
924 1891 1058 1916 unum
1107 1875 1323 1925 addidere,
1369 1876 1551 1916 multane
1590 1878 1745 1917 erunt?
1790 1880 2056 1933 Progrediere

356 1960 514 1996 rursuS,
541 1944 675 1999 quoad
707 1944 925 1985 videbitur.
961 1944 1072 1993 Quid
1096 1943 1244 1997 plura?
1274 1944 1359 1983 Hoc
1378 1945 1487 1984 enim
1508 1945 1667 1996 fateris,
1702 1961 1838 2002 neque
1862 1947 2056 1989 ultimum

358 2022 398 2053 te
418 2026 665 2068 paucorum,
693 2027 830 2066 neque
856 2013 1035 2065 primum
1063 2010 1289 2050 multorum
1312 2011 1557 2066 respondere
1583 2028 1709 2067 posse.
1744 2014 1872 2070 Cujus
1897 2016 2056 2070 generis

357 2096 468 2122 error
489 2082 543 2120 ita
564 2087 723 2130 manat,
743 2086 792 2119 ut
817 2093 898 2118 non
919 2078 1101 2128 videam,
1117 2093 1199 2133 quo
1224 2093 1310 2119 non
1329 2082 1451 2134 possit
1471 2081 1676 2121 accedere.
1704 2082 1817 2122 Nihil
1838 2098 1905 2123 me
1925 2084 2054 2134 laedit,

434 2199 490 2236 (1)
510 2197 631 2226 Acadd.
651 2199 698 2233 11,
724 2198 773 2226 33.
794 2207 825 2235 p.
850 2206 921 2232 201,
949 2205 1020 2225 cum
1043 2206 1078 2225 eo
1100 2196 1174 2225 facit
1195 2197 1405 2236 Augustinus,
1431 2200 1485 2238 qui
1506 2210 1570 2229 rem
1593 2201 1733 2240 exemplo
1755 2202 1908 2231 illustrare
1926 2209 2056 2233 conatur

360 2254 467 2279 contra
488 2249 608 2278 Acadd.
631 2250 679 2284 11,
703 2258 730 2276 2.
753 2248 834 2286 Opp.
855 2248 893 2276 T.
917 2249 942 2275 1.
966 2257 997 2285 p.
1025 2248 1090 2275 204.
1111 2248 1145 2276 C.

434 2299 493 2337 (α)
512 2299 558 2328 De
584 2299 641 2328 hac
667 2298 836 2328 Carneadis
864 2307 1001 2327 assensus
1023 2297 1190 2327 cohibendi
1216 2298 1339 2328 ratione
1370 2299 1525 2328 videndus
1553 2306 1597 2328 est
1618 2301 1830 2331 Thorbeckius
1850 2303 1889 2331 V.
1918 2303 1957 2332 D.
1988 2304 2056 2342 (In

358 2351 531 2380 Comment-
557 2349 602 2379 De
620 2359 655 2379 eo
673 2349 755 2388 quod
780 2348 812 2378 in
834 2348 1024 2389 Dogmaticis
1050 2349 1268 2388 oppugnandis
1290 2349 1369 2379 inter
1392 2350 1489 2380 Acad.
1510 2357 1540 2380 et
1558 2351 1656 2390 Scept.
1681 2352 1825 2382 interfuit
1847 2364 1877 2392 p.
1899 2354 1937 2383 68
1957 2364 2025 2394 sqq.
2043 2356 2058 2392 )

360 2401 413 2440 qui
432 2410 500 2431 eam
517 2400 671 2439 copiosius
689 2399 857 2438 explicuit,
888 2409 987 2439 neque
1009 2405 1112 2429 tamen
1137 2401 1290 2431 divisione
1310 2400 1408 2438 facta,
1431 2411 1491 2440 qua
1510 2401 1635 2442 quidem
1654 2412 1709 2432 nos
1728 2404 1961 2443 aliquantulum
1981 2405 2058 2435 lucis

361 2453 404 2483 rei
425 2451 564 2482 attulisse
586 2451 676 2480 nobis
694 2450 848 2480 videmur.

437 2506 493 2543 (3)
514 2503 633 2533 Acadd.
660 2504 708 2538 ll,
734 2513 790 2541 ²9·
806 2512 836 2541 p.
862 2501 926 2531 180.

437 2555 494 2592 (4)
514 2554 678 2593 Apellatur
699 2553 792 2582 etiam
811 2550 959 2585 *ἴα-τισθιι
981 2557 1011 2582 et
1027 2550 1158 2592 ἑπᾶχειι.
1177 2552 1250 2582 Vid.
1272 2553 1382 2583 Sextus
1397 2555 1514 2594 Empir.
1539 2555 1696 2595 Pyrrhou.
1716 2558 1884 2598 Hypotyp.
1903 2561 1944 2588 ΙΙ.
1962 2559 2054 2597 §253.

361 2610 393 2634 et
410 2605 530 2636 advers.
554 2605 704 2635 Mathem.
730 2604 802 2633 Vn.
829 2604 847 2643 §
870 2604 938 2633 416.
960 2602 1063 2634 Conff.
1085 2602 1231 2633 Davisius
1256 2604 1294 2632 ad
1319 2604 1561 2635 huucCiceronis
1578 2607 1699 2643 locum,
1718 2615 1747 2637 et
1773 2610 1936 2649 Baguetius
1956 2610 2042 2638 Com-

362 2661 458 2686 ment.
480 2656 517 2686 de
537 2655 724 2696 Chrysippo.
744 2665 776 2696 p.
795 2656 840 2695 74.
1153 2655 1209 2694 (5)
1231 2655 1277 2686 Ex
1303 2655 1424 2688 Davisii
1443 2658 1620 2696 conjectura
1641 2668 1697 2698 pro
1729 2660 1858 2701 vulgato
1867 2660 2003 2699 pmficit.
