2743 3301
1455 369 1581 426 (4)

653 471 789 514 tores,
820 477 1001 520 quorum
1025 478 1180 519 opera,
1210 456 1369 522 ma'gno
1398 464 1624 505 literarum
1650 464 1923 516 detrimento,
1951 467 2168 507 communi
2193 474 2381 508 veterum

652 535 857 571 librorum
894 534 1133 588 naufragio
1166 536 1377 573 immersit
1397 534 1609 586 fortuna,
1646 537 1691 573 in
1716 538 1876 588 primis
1908 536 2204 575 desideramus
2245 538 2381 576 Clito-

650 601 794 641 machi
811 595 1166 650 Commentarios,
1188 593 1495 658 Ciceronisque
1510 595 1668 643 librum
1681 597 2077 653 Academicorum,
2100 605 2179 660 qui
2195 603 2379 645 Catulus

649 672 983 721 inscribebatur,
1015 680 1057 712 et
1083 672 1129 711 in
1156 672 1421 726 explicanda
1452 672 1690 712 Carneadis
1724 675 1940 714 sententia
1970 674 2228 714 versabatur
2256 673 2380 728 (vide

655 741 939 782 Goerenzium
977 743 1022 781 in
1058 742 1371 782 introductione
1407 742 1469 781 ad
1510 742 1727 782 Ciceronis
1769 743 2046 800 Lucullum).
2100 744 2164 785 Et
2200 758 2300 799 quae
2332 745 2379 784 in

646 812 834 852 Lucullo
867 819 1095 853 occurrunt
1127 811 1179 853 de
1211 812 1334 852 illius
1373 811 1569 852 doctrina
1601 811 1794 860 notitiae,
1829 826 1916 861 eoe,
1953 820 2003 854 ut
2014 812 2120 869 jam
2145 821 2277 856 antea
2304 828 2378 855 co-

638 882 815 934 piosius
851 888 896 920 et
926 882 1176 920 accuratius
1208 881 1441 934 expositae,
1464 881 1627 934 paucis
1659 887 1828 920 tantum
1853 881 1996 921 verbis
2028 889 2074 921 et
2097 883 2237 923 obiter
2260 884 2378 923 indi-

646 958 820 996 cantur,
856 965 933 990 nec
964 964 1133 1002 semper
1159 949 1324 997 diserta
1354 947 1489 1000 hujus
1513 949 1772 1003 philosophi
1790 947 1924 1007 facta
1953 951 2186 999 mentione,
2215 952 2376 1008 quippe

644 1032 743 1073 quae
771 1031 825 1058 ex
858 1017 1031 1074 reliqua
1058 1016 1156 1074 ejus
1188 1017 1355 1057 ratione
1375 1014 1527 1073 facile
1550 1024 1737 1071 possent
1762 1018 1958 1074 agnosci.
2016 1017 2122 1059 Cum
2157 1026 2303 1059 autem
2330 1021 2376 1060 in

634 1087 902 1142 fragmentis
938 1089 1078 1141 operis
1124 1088 1396 1126 Ciceroniani
1433 1088 1506 1126 De
1534 1088 1600 1126 Re
1622 1087 1810 1139 publica
1843 1102 1872 1125 a
1905 1087 2062 1141 Majo,
2101 1102 2197 1127 cum
2229 1103 2373 1128 recens

641 1173 664 1197 e
696 1157 841 1197 codice
873 1156 1173 1210 Palimpsesto
1205 1156 1363 1203 erutis,
1408 1163 1499 1195 tum
1533 1154 1713 1196 aliunde
1744 1155 2025 1211 diligentius,
2064 1171 2197 1212 quam
2231 1156 2374 1198 adhuc

633 1224 807 1280 factum
839 1233 956 1274 erat,
998 1225 1287 1280 conquisitis,
1335 1238 1420 1263 non
1460 1224 1587 1263 nulla
1631 1225 1921 1293 reperiantur,
1952 1239 2068 1291 ‘quae
2094 1224 2280 1281 faciant
2315 1226 2377 1266 ad

640 1295 952 1334 illustrandam
982 1295 1188 1334 doctrinoe
1235 1293 1500 1341 Carneadis,
1541 1308 1637 1333 eam
1678 1295 1867 1334 maxime
1890 1302 2088 1348 partem,
2123 1310 2223 1350 quae
2256 1297 2373 1335 circa

639 1380 775 1405 mores
805 1372 1026 1415 versatur,-
1050 1364 1211 1404 sumsit
1239 1363 1337 1404 inde
1366 1364 1635 1404 occasionem
1653 1364 1984 1418 Amplissimus
2006 1363 2372 1419 Philosophorum

644 1433 762 1472 Ordo
785 1433 1078 1486 proponendoe
1115 1434 1399 1487 quaestionis,
1436 1448 1526 1487 qua
1564 1432 1826 1473 Carneadeae
1864 1434 2160 1487 philosophiae
2200 1449 2370 1473 summa

638 1503 935 1551 desideratur,
985 1511 1209 1550 accurate,
1241 1504 1377 1556 plene
1408 1510 1451 1542 et
1488 1503 1694 1542 concinno
1737 1502 1885 1543 ordine
1924 1517 1978 1542 ex
2019 1502 2128 1556 ipsis
2160 1500 2368 1558 sontibus

639 1572 853 1626 exposita.

701 1641 807 1680 Cum
838 1655 936 1680 vero
967 1656 1043 1680 nos
1075 1641 1137 1680 ad
1162 1642 1275 1680 hanc
1305 1643 1588 1695 quoestionem
1620 1657 1704 1695 pro
1741 1642 1899 1680 virium
1926 1649 2170 1680 nostrarum
2204 1642 2368 1682 medio-

635 1710 792 1751 critate
825 1709 1100 1750 tractandam
1137 1710 1479 1751 accinxissemus
1492 1741 1508 1760 ‚
1554 1710 1749 1751 collectis
1796 1711 1874 1759 ed,
1923 1724 2013 1765 qua
2037 1724 2124 1765 per
2165 1713 2367 1765 temporis

628 1780 869 1835 'angustias
888 1780 1001 1834 fieri
1021 1780 1176 1833 potuit
1204 1780 1438 1836 diligentia
1447 1809 1462 1827 ,
1494 1772 1682 1820 veterum
1708 1780 1840 1827 locis,
1874 1780 1920 1818 in
1946 1780 2107 1834 quibus
2132 1780 2367 1834 aliquoe-de

634 1847 862 1889 Carneade
898 1855 980 1888 aut
1021 1848 1075 1888 de
1103 1847 1203 1903 ejus
1225 1848 1437 1889 doctrina
1470 1850 1630 1889 mentio
1649 1850 1850 1889 'occurrit
1856 1878 1872 1897 ‚
1914 1850 2145 1888 materiam
2164 1849 2223 1889 ⁴in
2254 1849 2366 1890 hunc

634 1918 826 1957 ordinem
854 1917 1183 1965 distribuimus,
1225 1925 1276 1957 ut
1306 1919 1513 1973 bipertita
1545 1924 1664 1958 esset
1693 1924 1843 1956 nostra
1869 1909 2135 1969 disputatio,
2169 1932 2223 1957 ac
2243 1919 2368 1971 prior

632 1985 811 2041 quidem
836 2000 948 2039 pars
987 1999 1054 2026 res
1092 1992 1137 2026 et
1175 1986 1310 2027 vitam
1352 1987 1592 2029 Carneadis
1634 1985 1896 2034 contineret,
1946 1985 2088 2025 altera
2114 1986 2282 2026 ‘iterum
2320 1984 2365 2027 in

630 2059 826 2112 'quatuor
846 2054 1005 2110 capita
1015 2054 1361 2105 distribueretur,
1386 2070 1569 2112 quorum
1595 2056 1641 2096 in
1651 2055 1797 2110 primo
1821 2053 1874 2093 de
1895 2053 2062 2093 ratione
2072 2050 2365 2108 philosophice

597 2163 604 2170 ,
630 2125 901 2165 Cameadeoe
929 2125 1128 2165 unioerse
1161 2132 1410 2180 ageremus,
1451 2127 1623 2180 reliqua
1654 2140 1753 2166 vero
1779 2125 1826 2164 in
1854 2122 2132 2178 explicandis
2164 2123 2363 2208 deinceps

631 2194 835 2250 Logicis,
876 2194 1089 2249 Physicis
1123 2201 1168 2234 et
1190 2194 1366 2235 Ethicis
1399 2200 1673 2241 versarentur
1695 2193 1770 2249 (1).

627 2341 630 2345 ’
672 2344 715 2381 (ι)
736 2343 852 2380 Nobis,
884 2343 916 2373 in
940 2343 999 2373 hoc
1029 2343 1180 2382 opusculo
1198 2342 1441 2379 conscribendo,
1468 2333 1633 2372 nonnnlliu
1653 2342 1745 2373 libri·
1769 2342 1939 2373 carendum
1960 2341 2042 2377 suit,
2066 2352 2082 2372 e
2108 2341 2222 2383 quibu·
2245 2341 2362 2372 decide—

632 2396 776 2426 ravimu·
795 2396 829 2425 in
851 2395 964 2435 primis
981 2396 1145 2425 Levezow.
1168 2395 1475 2425 Commentationem
1500 2394 1538 2425 de
1560 2394 1720 2424 Carneade
1733 2416 1743 2430 ,
1771 2393 1910 2433 Diogene
1931 2398 1962 2423 et
1976 2393 2116 2423 Critolao
2136 2399 2167 2430 et
2186 2393 2225 2423 de
2245 2393 2362 2423 munis

635 2447 889 2486 neglecli’atudii
912 2447 1122 2487 philosophiae
1143 2447 1228 2486 apud
1254 2446 1449 2487 antiquiora
1473 2445 1648 2477 Romanos.
1676 2445 1809 2482 stettin,
1838 2445 1924 2484 ²795·
1955 2443 2304 2481 Tennemanni.aulem
2324 2453 2360 2475 ne

629 2499 748 2534 >Buhlii
770 2499 966 2539 aliorumque
982 2499 1202 2536 *recentiorum
1227 2498 1510 2538 apudnermanos
1535 2496 1684 2527 Historiae
1707 2494 1920 2535 Philosophia
1941 2494 2129 2535 scriptorum
2152 2494 2360 2536 openLIioet

634 2543 785 2590 plenique
806 2550 845 2580 ad
865 2560 975 2580 manus
995 2556 1096 2580 essent
1110 2574 1117 2585 ,
1148 2550 1185 2580 iis
1209 2555 1331 2587 tamen,
1360 2556 1469 2589 utpote
1488 2545 1606 2590 linguai¹
1621 2545 1818 2579 Germanice
1839 2547 1933 2587 plane
1948 2546 2068 2589 ignari,
2096 2547 2145 2577 uti
2168 2556 2236 2577 non
2255 2547 2359 2587 potui-

629 2612 719 2632 ·muu.
743 2602 863 2640 Quare,
883 2601 909 2630 εἰ
927 2598 1002 2640 q'uid
1024 2602 1054 2631 in
1074 2603 1132 2631 hac
1150 2600 1286 2639 juvenili
1298 2601 1470 2640 scriptione
1486 2600 1836 2636 abinde-aberratum,
1861 2605 1918 2630 aut
1937 2599 2044 2632 minu·
2064 2604 2145 2630 reete
2160 2598 2357 2638 diqpuutnm

635 2654 751 2691 fuerit,
776 2653 864 2694 quod
883 2652 994 2683 melius
1014 2653 1078 2691 jam
1103 2653 1275 2683 docuerant
1297 2652 1362 2682 viri
1383 2651 1485 2690 docti,
1506 2651 1540 2682 id
1558 2650 1649 2682 nobis
1672 2649 1765 2681 facile
1789 2650 1828 2680 ab
1852 2649 1950 2692 aequit
1964 2649 2124 2691 judicibus
2139 2648 2356 2682 condonatum

633 2707 675 2739 iri
688 2716 860 2748 speramus.
