2743 3301
1390 320 1410 376 (
1443 334 1493 363 20
1525 321 1544 376 )

601 433 643 466 et
676 422 953 465 celebritatem
988 419 1110 470 sacti,
1144 416 1327 475 subjecta
1361 415 1428 457 vel
1469 416 1715 473 eloquentiae
1755 416 2033 474 philosophia,
2076 419 2119 458 in
2163 419 2326 460 dicendi

602 492 893 536 exercitatione
919 502 1042 528 omne
1069 487 1256 527 studium
1282 485 1601 537 consumebant,
1628 486 1932 542 Academiaque
1958 487 2074 541 quasi
2099 487 2327 529 Rhetorum

602 560 759 600 officina
790 555 1020 597 habebatur
1052 556 1126 609 (1).
1167 555 1303 610 Atque
1336 553 1413 593 hac
1434 554 1478 593 in
1501 561 1618 609 parte
1645 554 1897 607 Carneades,
1926 562 1973 595 ut
1991 562 2078 595 erat
2102 554 2329 611 majoribus

599 629 649 669 ad
677 627 901 668 dicendum
932 625 1096 665 dotibus
1122 622 1339 679 praeditus,
1372 622 1536 677 longius
1563 636 1689 677 quam
1722 623 1953 664 decessores
1979 637 2215 679 progressus
2244 632 2326 674 est3

597 699 652 737 ita
682 695 874 752 quidem,
902 702 951 735 ut
976 700 1155 733 oratores
1173 703 1360 748 quoque,
1392 697 1494 730 teste
1519 690 1706 746 Diogene
1724 692 1888 733 Laertio
1900 693 1983 749 (2),
2012 692 2158 733 scholis
2183 691 2328 732 dimis-

599 768 676 817 sis,
708 765 759 805 ad
786 779 883 806 eum
909 762 1166 804 audiendum
1199 761 1403 802 venirent.
1442 759 1709 816 Quapropter
1742 775 1839 803 curn
1871 762 2069 817 Sophistis
2089 762 2328 804 affinitatem

598 835 822 891 quamdam
857 832 1010 873 habere
1045 832 1154 872 visus
1187 839 1259 871 est.
1302 829 1409 868 Hinc
1448 828 1719 870 Philostratus
1749 829 1833 869 duo
1864 830 2149 885 Sophistarum
2178 846 2328 887 genera

600 906 777 945 faciens:
815 917 947 943 unum
976 914 1143 949 eorum,
1171 900 1245 954 qui
1265 899 1431 954 proprie
1451 899 1649 953 Sophistae
1679 898 1953 956 vocabantur3
1987 898 2164 941 alterurn
2191 901 2329 956 pbilo-

599 973 843 1028 sophorum,
879 970 978 1025 qui,
1014 969 1211 1023 quoniam
1241 965 1569 1023 philosophando
1605 967 1854 1023 eloquentiae
1887 967 2006 1009 flores
2043 968 2326 1021 sectabantur,

598 1041 722 1095 vulgo
753 1041 796 1078 in
828 1038 1114 1092 Sophistaruni
1141 1050 1316 1076 munero
1336 1036 1610 1076 habebantur.
1644 1037 1707 1076 Ad
1728 1038 1999 1092 posteriorem
2029 1038 2199 1078 classem
2226 1038 2329 1078 Car-

597 1107 772 1150 neadem
804 1106 935 1147 refert
960 1104 1035 1160 (3).

655 1177 853 1217 Ceterum
875 1174 1105 1215 Carneades
1124 1175 1269 1214 eratin
1289 1173 1463 1214 dicendo
1490 1175 1647 1226 suavis,
1674 1183 1716 1215 et
1734 1174 1824 1232 ejus
1841 1176 1969 1216 oratio
1997 1175 2100 1216 mira
2120 1189 2162 1216 se
2189 1176 2323 1217 varie—

599 1254 682 1286 tate
699 1242 1015 1286 commendabat
1038 1242 1111 1296 (4).
1141 1242 1222 1282 Sed
1236 1242 1280 1281 in
1295 1242 1401 1282 elato
1420 1250 1462 1282 et
1476 1242 1715 1284 vehementi
1737 1244 1902 1286 dicendi
1926 1259 2078 1301 genere
2100 1245 2327 1300 praesertim

597 1313 825 1364 eminebat,
853 1312 997 1368 ibique
1024 1313 1156 1352 omnis
1183 1311 1274 1368 ejus
1301 1313 1474 1352 oratoria
1498 1312 1673 1354 facultas
1686 1313 2027 1370 conspiciebatur.
2049 1313 2169 1354 Tunc
2190 1314 2324 1364 enim,

596 1393 643 1425 nt
671 1384 801 1425 refert
830 1383 1065 1423 Numenius
1086 1381 1176 1436 (5),
1207 1381 1432 1438 ἐξηγεῖρετο
1457 1382 1614 1438 λάβρος
1643 1381 1721 1425 οἷον
1753 1385 1939 1438 ποταμὸς
1958 1382 2126 1438 ῥοώδης,
2143 1382 2326 1438 σφοδρῶς

596 1456 712 1509 ῥέων,
764 1452 907 1496 πάντα
938 1453 1244 1506 ›caran-turabu-
1287 1453 1343 1494 ‘rba
1376 1450 1472 1506 τῇδὲ
1505 1455 1572 1495 καὶ
1611 1453 1667 1495 τὰ
1702 1452 1835 1504 sstem,
1872 1455 1939 1495 xx)
1978 1453 2213 1502 ela-e‘mme,
2257 1453 2324 1494 καὶ

599 1526 789 1579 συνέσυρε
815 1524 911 1568 τοὺς
942 1522 1164 1567 ἀκούοντας
1195 1520 1263 1564 διὰ
1298 1521 1481 1575 θορύβου.

1374 1677 1404 1732 g
1453 1676 1545 1715 vn.

653 1829 873 1883 Reliquum
908 1833 989 1876 est,
1023 1834 1072 1865 ut
1104 1825 1317 1866 videamus
1351 1823 1402 1862 de
1429 1824 1557 1877 ipsius
1589 1824 1854 1880 philosophiae
1891 1825 1935 1864 in
1966 1832 2101 1879 partes
2128 1823 2326 1865 distribu-

679 1998 721 2034 (ι)
743 1995 819 2025 Vid.
840 1994 905 2023 Cic.
930 1993 967 2021 de
985 1992 1062 2021 Fato
1081 1993 1112 2027 1,
1128 2001 1174 2027 2.,
1202 1989 1353 2029 Syneoiu·
1376 1989 1409 2018 in
1428 1988 1584 2028 Diogene,
1614 1999 1644 2027 p.
1668 1989 1718 2017 56.
1743 1988 1783 2017 A.
1811 1990 1846 2018 Β.
1863 1987 1923 2019 *nr
1950 1990 2025 2027 (τᾶν
2050 1989 2137 2029 ἀμφὶ
2159 1988 2328 2029 icamia„

596 2044 831 2085 '‘ainsEuaeoess)
863 2041 966 2080 «ἤπια
995 2041 1030 2074 2,
1058 2040 1154 2086 λάβῃς
1188 2038 1357 2080 ,ἰν-ἔθεσιν,
1385 2037 1552 2078 Oliba-0035
1583 2039 1649 2071 ἔστι
1682 2038 1983 2080 μεταιχειρισμένη
2009 2040 2214 2080 roveri-mse,
2247 2042 2328 2073 vaih-⁵

594 2096 663 2130 'fb-rt
685 2097 832 2137 λιμπρός
857 2092 1082 2133 ἐπηγγιλμᾶνη
1105 2091 1161 2124 καὶ
1186 2089 1311 2130 dubie,
1338 2090 1395 2122 ui
1411 2090 1526 2127 πολλὴν
1540 2090 1593 2127 rii·
1612 2089 1780 2130 ἀφροδίτην
1798 2090 1983 2132 ἐπαγομένη.
2013 2092 2100 2121 Idem
2116 2093 2180 2122 Cic.
2199 2092 2236 2121 de
2252 2092 2327 2122 Nat.

598 2151 689 2180 Deor.
711 2151 760 2187 11,
784 2158 810 2177 1.
833 2147 939 2186 »Qun
959 2154 1031 2175 cum
1050 2144 1143 2174 Cotta
1164 2142 1311 2179 dixiuet,
1335 2147 1402 2171 tum
1422 2141 1579 2180 Veltejus‚
1594 2142 1651 2172 Nm
1665 2152 1735 2183 ego,
1760 2143 1880 2184 inquit,
1904 2143 2066 2181 incautus,
2088 2143 2140 2173 cui
2159 2153 2230 2174 cum
2249 2142 2328 2173 Aca-

598 2201 735 2238 demico,
771 2206 801 2230 et
829 2199 938 2229 eodem
960 2198 1104 2234 rhetore,
1136 2195 1284 2235 congredi
1306 2201 1436 2225 conatus
1458 2196 1564 2224 ⁸um.''
1590 2194 1640 2225 Ad
1663 2196 1749 2226 hunc
1770 2196 1875 2226 locum
1894 2196 2167 2236 Wyttenbachiun
2186 2197 2251 2227 haec
2274 2206 2330 2227 an-

596 2254 742 2285 notavit:
774 2251 930 2282 »Rlaetor
951 2259 1018 2281 non
1044 2247 1141 2279 modo
1165 2247 1286 2278 dicitur
1308 2246 1355 2285 is,
1379 2247 1434 2287 qui
1453 2247 1612 2277 oratione·
1633 2248 1811 2287 componit,
1844 2248 1897 2279 sed
1918 2242 2017 2279 &tiam
2040 2247 2096 2288 qui
2115 2247 2329 2288 eloquentiam

598 2307 699 2341 docet,
731 2305 815 2346 quod
834 2310 1004 2342 utrumque
1027 2307 1095 2332 erat
1117 2299 1411 2331 Academicorum.‘’
1435 2301 1471 2329 In
1492 2299 1619 2330 Selectin
1636 2299 1839 2338 scholarum,
1858 2310 1891 2339 p.
1913 2300 1986 2338 741,
2011 2299 2056 2330 id.
2075 2299 2216 2330 Creuzer.

678 2359 721 2396 (2)
742 2357 813 2387 Lib.
838 2356 896 2393 IV,
918 2356 1019 2396 Segm.
1045 2354 1084 2384 62
1108 2353 1141 2383 in
1161 2352 1217 2382 flu.

678 2410 720 2446 (3)
743 2408 817 2438 vid.
845 2407 1014 2446 Synetium
1032 2406 1055 2435 1.
1076 2416 1103 2435 e.
1125 2415 1155 2444 p.
1182 2405 1230 2434 35.
1254 2404 1293 2433 A.
1318 2402 1357 2433 Β.

679 2459 723 2498 (4)
742 2459 805 2488 Cic.
828 2458 866 2488 de
886 2457 976 2488 Orat.
1001 2459 1033 2494 1,
1059 2466 1108 2486 ιι.
1131 2465 1163 2495 p.
1184 2456 1232 2484 40.
1261 2456 1309 2492 11,
1334 2454 1384 2484 58.
1407 2464 1437 2493 p.
1459 2453 1534 2492 278,
1562 2453 1611 2483 ed.
1635 2453 1759 2483 nula.

682 2511 724 2548 (5)
747 2510 841 2548 Apud
863 2509 1032 2540 Eusebium
1055 2508 1225 2546 Praeparat.
1243 2507 1362 2546 Evang.
1377 2505 1432 2535 lib.
1456 2505 1546 2535 XlV.
1568 2515 1635 2544 cap.
1656 2505 1684 2534 8.
1701 2516 1731 2544 p.
1751 2506 1817 2544 737.
1838 2504 1892 2542 C.,
1913 2504 1953 2534 A.
1974 2503 2098 2534 Gellius
2118 2503 2160 2534 N.
2180 2502 2220 2533 A.
2242 2502 2323 2539 V11,

603 2561 649 2591 14.
679 2561 791 2590 »Tum
815 2560 1019 2591 admirationi
1051 2559 1146 2590 fuisse
1180 2558 1272 2587 aiunt
1292 2557 1434 2587 Rutilius
1460 2563 1490 2587 et
1514 2557 1667 2598 Polybius
1696 2557 1957 2597 philosophorum
1984 2556 2079 2587 trium
2104 2556 2152 2586 sui
2179 2555 2327 2594 cujusque

599 2612 721 2653 generis
740 2610 935 2641 facundiam.
956 2611 1123 2648 violenta,
1147 2609 1315 2651 inquiunt,
1340 2615 1371 2640 et
1391 2610 1502 2650 rapida
1521 2609 1695 2640 Carneade·
1715 2608 1855 2647 dicebat,
1878 2607 1957 2639 scita
1978 2613 2009 2639 et
2030 2607 2139 2642 teretia
2151 2605 2326 2643 Critolaus,

596 2665 739 2695 modesta
761 2663 914 2703 Diogenes
940 2668 970 2691 et
992 2662 1124 2692 solman*

2676 1118 2743 1154 ’Ἴ
