2743 3301
1283 255 1410 312 (7)

490 350 771 392 testimonium
795 350 976 406 amplexi
1001 358 1111 393 sunt.
1145 350 1207 391 Ex
1233 364 1283 391 eo
1309 351 1451 407 itaque
1480 351 1712 409 colligitur,
1744 360 1890 394 natum
1918 366 2003 394 esse
2030 353 2209 396 Carnea-

490 419 586 463 dem
602 418 858 477 Olympiadis
873 419 1025 472 CXLI,
1046 426 1228 461 exeunte
1247 419 1338 461 fere
1358 434 1466 461 anno
1487 423 1626 474 tertio,
1650 422 1716 464 die
1736 423 1911 480 septimo
1929 423 2213 479 Thargelionis

488 488 614 530 Attici
627 520 639 542 ,
674 503 757 546 quo
789 488 936 531 narnia
971 488 1074 531 festa
1109 487 1280 545 Cyrenae
1310 487 1560 545 agebantur,
1593 490 1637 532 in
1673 505 1883 549 quemque
1914 490 2097 534 Platonis
2126 491 2212 534 dies

488 557 635 600 natalis
663 557 867 600 inciderat
891 556 968 613 (1).

1257 707 1308 795 ς
1360 739 1433 779 111.

540 903 583 944 Si
615 904 707 960 quis
743 917 842 946 vero
876 917 899 943 a
934 900 1050 942 nobis
1089 901 1320 957 quaesierit,
1360 900 1512 958 quibus
1555 903 1782 959 magistris,
1825 918 1991 961 quaque
2034 904 2209 962 juvenili

484 973 744 1014 institutione
778 971 830 1011 ad
861 970 1166 1012 humanitatem
1198 969 1437 1011 efformatus
1467 972 1540 1023 sit,
1578 972 1678 1012 huic
1710 971 1799 1029 ejus
1829 973 2066 1029 quaestioni,
2102 988 2208 1030 quo-

485 1043 625 1083 minus
651 1040 901 1096 respondere
932 1040 1154 1095 possimuS,
1186 1039 1288 1079 facit
1317 1040 1564 1094 scriptorum
1598 1040 1830 1093 silentium,
1866 1043 1939 1096 qui
1954 1072 1965 1093 ,
2002 1043 2207 1097 quomodo

486 1111 619 1166 prima
651 1108 741 1165 ejus
780 1108 875 1150 vitae
904 1121 998 1163 pars
1033 1114 1122 1148 acta
1158 1106 1239 1159 sit,
1279 1120 1487 1163 nusquam
1520 1108 1816 1150 meminerunt.
1867 1108 2024 1150 Relicta
2066 1117 2207 1152 autem

483 1178 616 1234 patria
646 1177 829 1218 Athenas
854 1191 897 1217 se
925 1175 1124 1227 contulit,
1157 1174 1299 1231 ibique
1327 1175 1492 1216 doctore
1517 1191 1615 1217 usus
1639 1177 1844 1232 Hegesino
1872 1178 2128 1234 Pergameno
2146 1180 2206 1235 (2)

486 1245 718 1287 Academiae
743 1259 829 1286 sese
856 1244 1071 1301 applicuit.
1113 1243 1207 1294 Qua
1233 1243 1278 1283 in
1303 1257 1349 1284 re
1379 1257 1476 1285 eum
1504 1245 1643 1286 minus
1675 1259 1793 1297 casu,
1826 1260 1951 1301 quam
1984 1253 2132 1287 natura
2163 1254 2206 1287 et

482 1316 673 1372 ingenio,
707 1314 881 1356 ductum
927 1326 1016 1354 esse
1043 1310 1256 1369 probabile
1292 1319 1366 1352 est.
1411 1312 1560 1369 Neque
1594 1320 1730 1354 tamen
1765 1313 1861 1354 alios
1895 1315 1938 1354 in
1964 1313 2053 1354 aliis
2084 1316 2203 1356 sectis

480 1391 718 1440 praestantes
739 1382 1002 1439 philosophos
1022 1379 1167 1423 audire
1184 1380 1382 1436 neglexit.
1411 1380 1678 1422 Dialecticam
1703 1382 1836 1431 enim,
1860 1382 1903 1421 in
1930 1396 2012 1437 qua
2038 1383 2201 1439 egregia

482 1451 660 1508 quadam
684 1451 977 1504 exercitatione
1001 1450 1064 1506 (3)
1089 1448 1309 1502 excelluit,
1338 1463 1361 1489 a
1386 1449 1571 1505 Diogene
1600 1448 1737 1490 Stoico
1762 1447 1948 1491 didicisse
1972 1449 2107 1492 fertur
2119 1451 2202 1506 (4),

481 1528 800 1575 ceterorumque
830 1519 1061 1560 Stoicorum
1077 1550 1089 1570 ,
1122 1520 1167 1559 in
1199 1519 1423 1574 primisque
1457 1518 1696 1575 Chrysippi,
1730 1517 1855 1558 libros
1892 1518 2203 1574 diligentissime

478 1587 699 1645 perlegisse
725 1587 799 1644 (5).
840 1587 947 1630 Cum
976 1590 1166 1638 mortuus
1189 1588 1354 1629 interim
1383 1594 1489 1628 esset
1522 1586 1770 1643 HeseginuS,
1797 1592 1841 1627 et
1868 1586 1914 1628 in
1946 1585 2082 1628 schola
2113 1587 2201 1645 ipse

477 1658 733 1698 successisset
752 1657 834 1712 (6),
861 1666 979 1699 nov‘ae
1003 1658 1089 1698 sive
1113 1657 1243 1697 tertiae
1262 1656 1493 1697 Academiae
1513 1656 1787 1698 fundamenta
1808 1654 1906 1714 jecit
1923 1655 1995 1712 (7).
2024 1655 2199 1698 Munere

476 1727 604 1782 igitur
622 1727 745 1777 inito,
767 1725 928 1768 bellum*
948 1734 1088 1767 contra
1107 1725 1358 1782 dogmaticos
1376 1726 1523 1783 majori
1546 1725 1691 1767 ardore
1711 1726 1923 1767 renovavit
1940 1725 2022 1780 (8),
2042 1738 2200 1782 eosque

476 1795 532 1836 it'a
565 1792 823 1851 profligavit,
860 1800 910 1834 ut
940 1793 1167 1850 pristinum·
1200 1792 1317 1837 brevi
1352 1793 1611 1851 splendorem
1652 1792 1799 1836 scholae
1834 1793 2091 1847 restitueret,
2124 1796 2198 1852 qui

477 1864 555 1905 sub
583 1864 775 1904 Arcesilae
802 1862 1102 1904 succeaeofibus
1127 1862 1443 1905 subobscuratus
1473 1871 1573 1904 erat.
1610 1864 1673 1904 Ad
1699 1861 1926 1904 refellenda
1953 1870 2093 1904 autem
2119 1864 2200 1904 Ze-

554 2030 598 2069 (ι)
617 2029 729 2060 Florus
749 2029 833 2069 apud
854 2029 1060 2059 Plutarchum
1080 2028 1293 2069 Symposiac„
1317 2039 1349 2070 p.
1371 2040 1439 2070 7¹7·
1459 2030 1500 2060 D.

553 2081 598 2120 (α)
616 2080 681 2110 Cic.
703 2079 824 2110 Aondd.
848 2081 897 2117 11,
922 2079 953 2110 6.

553 2132 596 2170 (5)
618 2131 682 2161 Cic.
705 2130 743 2160 de
762 2130 866 2159 Finib.
894 2132 959 2168 111,
990 2140 1036 2159 12.

554 2182 598 2220 (4)
619 2181 741 2212 Acadd.
765 2183 814 2218 11,
837 2183 887 2211 so.

552 2232 595 2270 (5)
617 2232 708 2272 Diog.
731 2232 835 2262 Laert.
851 2231 908 2261 lib.
931 2230 989 2269 IV,
1009 2241 1103 2272 segm.
1128 2232 1177 2261 62.
1197 2231 1349 2262 Eusebius
1367 2232 1537 2273 Praeparat.
1558 2232 1739 2274 Evangelic.
1761 2232 1818 2262 lib.
1842 2231 1937 2263 XLV.
1956 2242 1984 2263 c.
2005 2243 2033 2270 7.
2062 2231 2099 2273 1⁴-
2124 2235 2191 2273 737.

474 2284 513 2315 A.
534 2283 611 2314 edit.
637 2284 742 2325 Viger.

552 2335 595 2373 (6)
617 2334 709 2374 Diog.
733 2335 837 2363 Laert-
860 2334 916 2363 lib.
938 2336 990 2369 11,
1013 2344 1108 2374 tegna.
1132 2335 1181 2364 60.

551 2386 596 2426 (7)
614 2385 726 2416 Sextu-
746 2384 929 2426 Empiricum
945 2385 1106 2426 pyrrhon.
1130 2386 1301 2428 Hypotyp.
1322 2387 1379 2418 lib.
1403 2389 1430 2418 1.
1450 2398 1478 2420 e.
1496 2387 1549 2419 55.
1568 2397 1600 2428 p.
1628 2385 1694 2418 156.
1715 2385 1793 2417 edit.
1813 2386 1936 2419 Fabric.
1956 2386 2110 2419 Euoebiu·
2124 2388 2148 2421 1.
2166 2388 2189 2420 l.

474 2448 543 2478 cap.
561 2440 591 2468 5.
608 2448 640 2477 p.
661 2438 728 2476 726.
750 2437 790 2467 D.
812 2443 844 2467 et
864 2447 933 2477 cap.
958 2448 987 2477 7.
1006 2448 1039 2477 p.
1061 2439 1130 2478 736.
1152 2439 1194 2469 D.
1218 2439 1337 2469 Auctor
1359 2434 1509 2470 Hiemi-io
1532 2438 1773 2479 philosophiam,
1801 2447 1873 2478 qun
1895 2432 2048 2470 tribuitur
2068 2440 2190 2471 Galeno

474 2499 546 2530 opp.
572 2494 595 2520 t.
619 2488 677 2520 IV.
697 2498 730 2528 p.
748 2489 818 2519 424.
836 2488 895 2519 lin.
913 2488 964 2518 44.
986 2489 1064 2520 edit.
1084 2489 1181 2521 Basil-
1202 2490 1399 2532 Auguttinu·
1413 2497 1524 2524 contra
1544 2490 1746 2523 Academico·
1765 2491 1828 2522 111.
1845 2490 1893 2522 18.
1910 2500 1984 2533 opp.
1997 2496 2021 2523 t.
2035 2494 2062 2524 1.
2079 2501 2187 2533 pano.

474 2542 514 2572 A.
537 2541 587 2572 ed.
606 2540 753 2572 non-ch.
771 2541 803 2571 S.
821 2540 974 2571 Bernard.

552 2591 595 2632 (8)
615 2590 792 2622 Numenius
812 2591 897 2631 apud
922 2590 1090 2623 Eusebium
1107 2591 1133 2622 1.
1154 2591 1177 2623 l.
1196 2601 1229 2632 p.
1248 2593 1316 2633 737.
1338 2592 1375 2624 B.
