2743 3301
1267 251 1423 311 (¹4)

2018 416 2028 427 h

483 453 647 468 ..ΜΝ
655 428 2196 470 mwmumssswnmmmmmwmw„

880 601 1130 681 PARS
1181 577 1810 676 “POSTERIOR

1002 961 1274 1023 CAPUT
1362 961 1705 1024 PRIMUM.

618 1130 694 1171 DE
727 1127 972 1173 RATIONE
1007 1127 1387 1170 PHILOSOPHLAE
1424 1124 1724 1172 CARNEADLS
1766 1123 2054 1171 UNIVERSE.

1284 1467 1388 1522 gl.

531 1594 640 1634 Cum
675 1607 698 1632 e
731 1591 980 1632 difficillimis
1013 1592 1137 1631 totius
1166 1589 1434 1645 philosophiae
1467 1590 1760 1645 quaestionibus
1797 1605 1880 1631 una
1913 1592 1991 1642 sit,
2023 1607 2115 1647 quae
2144 1594 2195 1633 de

424 1663 560 1712 -xyeri
585 1661 827 1702 inventione
852 1667 976 1715 atque
998 1658 1151 1715 judicio
1174 1658 1277 1714 agit,
1302 1656 1533 1712 eademque
1553 1658 1788 1713 gravissima
1804 1658 1886 1713 (1);
1909 1659 2022 1700 haud
2041 1661 2193 1701 mirum

471 1730 657 1785 profecto
691 1736 773 1778 est,
815 1728 866 1767 de
905 1742 953 1767 ea
993 1728 1172 1767 maxime
1199 1728 1308 1767 inter
1337 1740 1381 1766 se
1412 1725 1659 1781 discrepasse
1686 1728 1817 1768 varias
1854 1727 2193 1783 philosophorum

469 1797 711 1848 sententias,
741 1803 866 1852 atque
889 1794 988 1836 inde
1015 1808 1185 1850 magnas
1210 1793 1336 1834 fuisse
1360 1793 1468 1833 inter
1494 1807 1561 1833 eos
1586 1794 1803 1836 discordias
1827 1803 1869 1836 et
1895 1797 2189 1838 contentiones.

469 1868 548 1905 Eos
577 1867 620 1905 in
646 1873 728 1905 tres
757 1864 901 1904 classes
930 1862 1078 1904 dividit
1109 1862 1261 1902 Sextus
1284 1862 1520 1916 Empiricus
1534 1862 1617 1917 (2):
1647 1864 1782 1918 prima
1815 1872 1876 1904 est
1903 1866 2192 1921 Dogmatico-

469 1950 586 1983 rum,
612 1935 686 1990 qui
708 1941 751 1974 et
768 1948 853 1974 esse
877 1947 1044 1983 verum,
1071 1939 1267 1987 certoque
1291 1931 1481 1986 cognosci
1503 1945 1550 1970 ac
1577 1931 1736 1987 percipi
1757 1946 1871 1986 posse
1892 1936 2188 1987 pronunciant,

469 2004 521 2044 ad
547 2018 651 2060 quos
675 2002 918 2043 referuntur
943 2000 1227 2056 Peripatetici,
1252 1999 1448 2055 Epicurei
1475 2006 1518 2040 et
1543 1998 1681 2040 Stoici.
1709 2000 1899 2042 Secunda
1926 2002 2190 2045 continentur

467 2073 732 2126 Philosophi
762 2071 916 2111 medioe
948 2077 993 2110 et
1020 2083 1142 2109 novoe
1182 2070 1471 2117 Academiae,
1516 2069 1589 2124 qui
1617 2069 1845 2125 quidquam
1872 2072 1965 2111 sciri
1998 2086 2045 2112 ac
2076 2087 2190 2113 com-

462 2140 669 2200 prehendi
695 2155 810 2197 posse
835 2139 1006 2180 omnino
1035 2145 1203 2194 negant.
1242 2137 1306 2178 Ad
1332 2138 1494 2179 tertiam
1521 2136 1702 2194 denique
1728 2139 1939 2194 pertinent
1969 2141 2157 2195 Sceptici
2168 2172 2184 2191 ,

468 2212 540 2265 qni
570 2210 675 2250 nihil
706 2216 917 2259 statuunt,
950 2196 1023 2248 sed
1059 2206 1251 2247 dubitant
1280 2214 1322 2247 et
1352 2220 1537 2261 quaerere
1568 2215 1763 2262 pergunt.
1811 2209 1871 2247 Ac
1907 2222 1980 2248 nos
2019 2209 2187 2263 quidem

465 2276 806 2318 Academicorum
832 2275 1035 2317 rationem
1062 2287 1177 2315 nunc
1203 2273 1467 2330 attingemus.
1508 2274 1737 2316 Carneades
1765 2276 1877 2317 enim
1906 2290 1991 2317 non
2021 2285 2187 2319 secutus

404 2396 406 2398 ι
467 2345 590 2386 modo
615 2360 705 2387 eam
731 2353 813 2398 est,
844 2345 917 2385 sed
939 2344 1052 2385 illius
1081 2358 1248 2399 quoque
1276 2358 1463 2384 summus
1488 2344 1678 2385 defensor
1709 2347 2053 2402 praecipuumque
2077 2362 2186 2402 prae-

544 2492 589 2532 (1)
609 2489 701 2521 Conf.
725 2489 794 2520 Cid.
818 2489 940 2520 Acadd.
965 2491 1016 2525 11,
1039 2498 1068 2528 9.
1089 2498 1120 2528 p.
1148 2488 1219 2526 105,
1242 2487 1318 2518 edit.
1339 2487 1465 2518 Davies.

545 2544 589 2583 (α)
611 2542 770 2583 Pyrrhon.
792 2542 961 2582 Hypotyp.
988 2544 1020 2580 1,
1050 2552 1081 2579 1,
1107 2551 1136 2571 2.
1160 2540 1240 2570 Con.
1260 2539 1507 2578 Wyttenbachii
1529 2539 1675 2579 Praecept.
1697 2540 1816 2571 Philus.
1840 2541 1964 2581 Logic.‚
1985 2553 2016 2582 p.
2040 2545 2099 2573 111.
2114 2555 2139 2574 c.
2153 2555 2181 2573 2.

464 2596 480 2634 ἕ
501 2597 530 2627 3.
554 2604 587 2635 p.
610 2594 659 2634 87.
685 2592 761 2624 edit.
783 2592 895 2623 Mansa.
