2743 3301
1275 257 1295 310 (
1324 259 1350 299 8
1378 257 1400 312 )

466 357 586 399 nonis
616 356 848 409 Tarsensis,
877 356 1171 412 praecipueque
1204 350 1446 408 Chrysippi,
1479 351 1646 408 scripta
1660 351 1824 392 fortiter
1850 349 2045 394 incubuit
2073 359 2212 409 atque

466 426 685 489 desudavit
702 426 794 482 (1).
820 424 891 466 sed
911 423 967 466 de
990 423 1070 465 hoc
1095 437 1178 464 non
1202 423 1304 464 item
1330 423 1370 464 ei
1396 421 1480 464 ruit
1501 421 1711 479 perfacilis
1734 419 1919 466 victoria.
1943 420 2217 478 Chrysippus>

466 498 603 548 enim,
632 496 707 551 qui
739 493 939 549 singulari
966 492 1118 535 divinae
1152 492 1442 548 providentiae
1456 486 1681 542 beneficio,
1717 498 1767 531 ut
1795 489 1920 530 Stoici
1951 488 2197 541 censebant,

466 566 577 606 inter
589 561 812 605 Arcesilam
827 569 870 602 et
885 559 1142 603 Carneadem
1157 560 1391 611 exstiterat,
1407 559 1494 601 suis
1507 557 1703 601 adversus
1718 557 1839 600 iHum
1853 555 2199 614 disputationibus

466 633 680 683 effecerat,
704 639 753 672 ut
780 632 839 671 vis
858 630 1125 686 eloquentiae‚
1153 643 1247 683 quae
1269 629 1315 667 in
1337 627 1549 668 Carneade
1568 627 1747 667 maxima
1767 628 1934 679 fuisset,
1960 626 2197 667 debilitare-

464 709 550 752 tur,
571 701 734 756 ipsique
760 699 841 740 tuti
869 704 1163 754 praestarentur
1185 695 1236 736 ab
1259 696 1449 736 acerrimi
1472 694 1694 737 adversarii
1721 694 2105 751 impugnationibus
2118 695 2194 751 (2).

465 768 546 809 Sed
578 767 622 808 id
659 767 788 807 alteia
825 780 876 807 ex
914 773 1031 822 parte
1071 765 1254 821 aliquem
1288 771 1400 804 certe
1436 761 1637 804 Carneadi
1676 762 1867 803 fructum
1903 763 2056 804 attulit.
2103 764 2196 805 Non

465 839 578 877 enim
604 851 756 898 parum
784 836 963 877 contulit
992 835 1046 876 ad
1076 835 1296 890 ingenium
1326 832 1417 891 ejus
1448 832 1710 883 acuendum,
1742 832 1882 917 quoda
1886 832 2012 875 talem
2050 841 2196 876 nactus

465 913 572 948 esset
602 904 898 948 adversarium.
940 903 1050 945 Hinc
1082 904 1169 959 ipse
1202 902 1341 944 dicere
1371 899 1548 944 solebat.
1581 903 1625 947 Ei
1658 902 1715 958 μη
1744 902 1827 957 γαρ
1861 895 1903 953 ἦν
1934 903 2194 958 Χρύσιππος,

468 991 538 1018 ουκ
570 974 619 1019 a.
650 971 691 1026 ἢ.
721 976 801 1051 ἔγω
827 973 901 1028 (3)

868 1079 872 1082 »
1259 1139 1290 1194 g
1330 1118 1414 1179 lv(

523 1291 631 1331 Cum
659 1291 790 1346 igitur
814 1304 900 1331 suae
927 1297 1048 1331 sectae
1079 1291 1233 1330 famam
1262 1289 1552 1346 amplificaret,
1585 1288 1746 1346 sibique
1779 1289 1968 1330 omnium
1997 1290 2194 1331 concilia-

465 1368 530 1400 ret
553 1358 863 1401 admirationem
876 1389 887 1410 ‚
913 1373 938 1400 e
962 1359 1101 1400 schola
1127 1359 1329 1413 excitatus
1357 1366 1439 1410 est,
1468 1366 1518 1400 ut
1544 1372 1640 1399 cum
1665 1358 1851 1414 Diogene
1873 1358 2009 1400 stoico
2031 1366 2074 1399 et
2100 1359 2193 1400 Cri-

465 1427 572 1480 tolao
591 1427 868 1483 Peripatetico
890 1425 1051 1483 legatus
1063 1426 1237 1470 Romam
1261 1427 1314 1469 ad
1339 1434 1529 1469 senatum
1546 1428 1803 1481 mitteretur,
1819 1427 1872 1470 ad
1890 1427 2191 1485 deprecandam

465 1496 517 1537 ab
542 1494 864 1549 Atheniensibus
889 1496 1213 1553 quingentorum
1241 1497 1496 1539 talentorum
1527 1496 1749 1549 mulctam,
1776 1511 1870 1553 quae
1895 1499 1993 1553 ipsis
2022 1505 2192 1554 propter

465 1565 597 1621 Oropi
613 1560 902 1619 direptionem
930 1564 994 1620 (4)
1018 1581 1042 1606 a
1067 1565 1259 1608 Romanis
1286 1567 1396 1608 dicta
1424 1567 1578 1609 fuerat.
1618 1567 1790 1608 Romam
1820 1567 1950 1622 igitur
1985 1575 2194 1609 venerunt

464 1633 706 1685 nobilissimi
740 1641 823 1674 tres
849 1633 912 1674 illi
938 1634 1171 1692 philosophi
1201 1635 1459 1694 Olympiadis
1489 1634 1617 1692 CLVI
1644 1649 1753 1675 anno
1781 1636 1845 1686 2.,
1877 1622 1927 1675 A.
1949 1634 2002 1674 V.
2034 1633 2080 1675 C.
2109 1634 2191 1677 598

463 1704 512 1743 Ρ.
550 1702 744 1758 Scipione
781 1709 825 1742 et
855 1702 912 1743 M.
949 1702 1143 1745 Marcello
1181 1704 1290 1745 Coss.
1327 1705 1403 1760 (5).
1464 1703 1658 1759 Cumque
1674 1735 1687 1755 ,
1735 1704 1903 1744 senatus
1949 1717 2193 1759 responsum

465 1769 771 1826 exspectantes,
807 1769 865 1812 ibi
903 1770 1163 1827 aliquamdiu
1191 1773 1435 1814 commorari
1471 1779 1717 1827 cogerentur
1732 1803 1744 1825 ,
1788 1771 1946 1813 scholas
1978 1771 2193 1814 interdum

543 1935 587 1974 (1)
606 1935 712 1965 Tanto
728 1933 858 1975 quidem
878 1941 1032 1974 apparatu
1051 1936 1093 1966 ad
1107 1946 1159 1966 eos
1174 1935 1364 1966 refellendos
1378 1928 1661 1975 progrediebatur,
1677 1940 1714 1964 ut
1732 1944 1763 1965 ee
1778 1940 1869 1965 antea
1883 1935 2042 1965 helleboro
2057 1946 2190 1977 purgan-

464 1986 542 2016 dum
564 1991 699 2016 curaret.
721 1985 827 2024 Hujus
847 1985 894 2016 rei
913 1985 1175 2025 locupletissimo·
1195 1993 1285 2018 testea
1306 1987 1457 2017 habemus
1475 1987 1517 2017 A.
1540 1986 1683 2017 Gellium
1703 1985 1746 2016 N.
1772 1985 1815 2016 A.
1839 1985 1897 2015 lib.
1918 1985 2027 2017 XVII.
2049 1996 2118 2026 cap.
2142 1988 2189 2018 15.

463 2038 631 2068 Valerium
652 2037 833 2067 Maximum
855 2037 913 2067 lib.
941 2038 1036 2068 VIII.
1057 2048 1084 2068 c.
1104 2050 1133 2076 7.
1159 2049 1192 2078 p.
1214 2040 1271 2078 527
1295 2039 1373 2069 edit.
1397 2039 1503 2078 Kapp.
1528 2037 1671 2067 Plinium
1694 2035 1737 2066 H.
1759 2036 1803 2066 N.
1829 2036 1887 2066 lib.
1906 2036 2014 2073 XXV,
2038 2047 2066 2066 c.
2089 2047 2138 2067 21.
2160 2043 2192 2067 et

462 2087 678 2128 Augustinum
704 2093 813 2118 contra
844 2087 1045 2118 Cresconium
1069 2088 1287 2127 Donatistam,
1318 2089 1375 2119 lib.
1400 2091 1426 2119 1.
1453 2100 1479 2119 c.
1508 2099 1553 2128 ¹9·
1578 2088 1661 2128 Opp.
1695 2093 1718 2118 t.
1736 2087 1805 2118 IX.
1827 2097 1861 2128 p.
1885 2088 1955 2127 275.
1976 2088 2011 2119 C.
2034 2088 2189 2120 Videatur

462 2139 626 2179 Menagiue
646 2139 687 2169 ad
710 2138 883 2178 Diogenem
906 2139 1087 2174 Laenium,
1108 2140 1167 2169 lib.
1189 2141 1247 2177 IV,
1272 2149 1365 2180 eegm.
1390 2141 1439 2169 62.
2011 2159 2013 2161 -

540 2190 584 2229 (2)
605 2189 682 2221 vid.
706 2188 915 2235 Plutarchum
937 2189 976 2220 de
992 2190 1215 2221 communibu·
1234 2190 1359 2222 notitiis
1379 2190 1453 2222 adv.
1475 2190 1611 2230 stoicos,
1634 2200 1666 2231 p.
1688 2189 1762 2230 1059
1783 2189 1821 2220 B.

539 2242 1173 2284 (3)Diog.1.aert.1ib.1v‚oegm.62.

541 2294 585 2332 (4)
606 2293 682 2324 vid.
704 2293 896 2325 Pausaniam
916 2294 999 2333 vu,
1023 2295 1074 2325 62.
2079 2313 2082 2316 -

541 2345 586 2384 (5)
605 2345 670 2390 Cic.
689 2346 812 2378 Acadd.
840 2349 891 2385 11,
918 2347 979 2378 45:
1003 2358 1021 2376 ιι
1033 2347 1110 2389 Legi
1128 2346 1213 2388 apud
1229 2346 1478 2386 Clitomachum,
1497 2356 1569 2378 cum
1590 2344 1764 2378 Camenae·
1780 2351 1811 2377 et
1832 2345 1954 2377 stoicus
1970 2346 2123 2388 Diogene·
2145 2348 2187 2379 ad

461 2396 612 2426 Senatum
631 2395 666 2426 in
684 2396 842 2437 Capitolio
865 2403 1002 2436 etatem,
1023 2397 1065 2428 A.
1088 2398 1262 2437 Albinum,
1290 2400 1345 2440 qui
1370 2406 1438 2430 tum
1456 2399 1492 2430 P.
1512 2399 1658 2439 Scipione
1679 2404 1711 2428 et
1732 2398 1777 2428 M.
1799 2397 1948 2429 Marcello
1966 2399 2051 2428 Coae.
2071 2405 2186 2438 prator

461 2452 557 2483 emt,
574 2455 647 2478 eum
664 2448 719 2487 qui
736 2457 808 2479 cum
825 2459 885 2481 avo
905 2455 977 2488 tuo,
996 2449 1145 2489 Luculle,
1165 2451 1275 2482 conoul
1290 2451 1370 2489 fuit,
1386 2451 1514 2482 doctum
1530 2459 1604 2481 sane
1619 2449 1796 2488 hominem,
1815 2455 1852 2480 ut
1868 2449 1989 2480 indicat
2008 2449 2105 2490 ipsius
2123 2450 2186 2480 hiu-

464 2499 554 2528 toria
567 2498 685 2538 scripta
699 2499 825 2538 Gmoe,
848 2502 1006 2539 jocantem
1026 2502 1144 2532 dixitne
1159 2502 1331 2532 Carneadi:
1356 2504 1432 2542 Ego
1448 2503 1526 2537 tibi,
1554 2502 1739 2536 Carneade,
1758 2507 1880 2540 [ναίον
1894 2511 1961 2531 esse
1977 2512 2041 2532 non
2055 2504 2182 2538 videor,

461 2552 540 2589 quta
562 2550 694 2589 sapiens
716 2560 806 2581 eum.-
833 2562 891 2582 nec
913 2553 981 2584 hoec
1006 2553 1097 2594 urbe,
1124 2563 1184 2586 nec
1214 2555 1250 2585 in
1273 2564 1312 2587 ea
1335 2555 1459 2586 civitas.
1489 2554 1578 2585 Tune
1599 2553 1677 2611 ille:
1702 2553 1916 2584 Huicstoico
1942 2563 2005 2586 non
2026 2554 2182 2585 videris.¹‘

462 2600 554 2631 Adde
573 2601 721 2632 eumdem
742 2602 780 2632 de
798 2602 888 2633 om.
912 2605 962 2642 11,
985 2605 1035 2641 37.
