2743 3301
1456 293 1613 351 (40)

671 470 2388 493 mmmmwmmmwmwmwwmm

1072 608 1393 672 CAPUT
1480 603 1981 681 QUARTUM.

1240 783 1443 825 ETHICA
1502 782 1817 825 CARNEADIS.

1420 958 1636 966 *-

1474 1094 1580 1149 51.

724 1219 930 1274 Expositis
954 1217 1135 1271 Logicis,
1156 1216 1447 1273 Physicisque,
1467 1221 1593 1254 restat
1619 1221 1668 1255 ut
1696 1215 1817 1256 tertio
1845 1215 2015 1257 demum
2033 1215 2122 1258 loco
2142 1217 2289 1259 Ethica
2309 1233 2385 1260 ex-

665 1288 882 1343 plicemus.
928 1286 1131 1338 Quamvis
1172 1293 1311 1327 autem
1346 1283 1569 1325 tractandae
1602 1284 1703 1325 huic
1740 1283 2009 1340 philosophiae
2057 1286 2165 1341 parti
2211 1286 2385 1328 multam

664 1369 831 1411 operam
861 1354 1039 1395 dedisset
1069 1353 1299 1394 Carneades
1319 1354 1407 1409 (1);
1441 1352 1548 1394 nihil
1580 1360 1717 1394 tamen
1742 1352 1859 1395 nobis
1884 1362 2092 1397 servatum
2119 1362 2201 1408 est,
2235 1363 2386 1412 praeter

664 1424 863 1481 quasdam
888 1423 979 1482 ejus
1011 1424 1063 1464 de
1094 1438 1259 1464 summo
1284 1423 1391 1464 bono
1418 1431 1460 1464 et
1486 1423 1537 1464 de
1566 1423 1720 1480 justitia
1751 1424 1985 1464 sententias.
2017 1424 2077 1465 Ac
2103 1424 2262 1480 primus
2288 1426 2385 1480 qui-

664 1494 759 1535 dem
790 1493 929 1544 locus,
966 1493 1119 1533 summi
1154 1491 1252 1531 boni
1291 1493 1508 1547 quaestioni
1540 1491 1700 1533 dandus
1731 1499 1792 1533 est
1812 1523 1824 1544 ‚
1871 1493 1916 1533 in
1954 1507 2036 1549 qua
2068 1494 2224 1550 quippe
2260 1494 2385 1535 totius

664 1563 860 1609 doctrinae
886 1577 1051 1603 morum
1083 1561 1205 1602 cardo
1237 1569 1440 1603 versetur.

1459 1714 1581 1771 gn.

718 1863 1049 1920 Disputationem
1070 1875 1168 1903 vero
1186 1861 1244 1900 sic
1262 1859 1503 1911 inchoabat,
1531 1868 1580 1901 ut
1608 1860 1825 1916 dispiceret
1854 1876 1939 1903 non
1965 1862 2119 1913 solum,
2147 1870 2249 1918 quot
2273 1862 2382 1904 fuis-

661 1941 753 1975 sent
768 1964 779 1984 ,
825 1931 897 1973 sed
936 1932 1104 1971 omnino
1142 1937 1245 1987 quot
1276 1943 1362 1971 esse
1395 1936 1562 1986 possent
1597 1929 1937 1985 philosophorum
1978 1930 2029 1971 de
2055 1942 2233 1972 ‘summo
2273 1931 2380 1972 bono

661 2004 889 2043 sententiae.
924 2000 1097 2041 Dicebat
1123 2002 1236 2040 enini
1261 2000 1422 2040 nullam
1451 2013 1535 2039 esse
1561 2006 1714 2050 artem,
1746 2012 1839 2054 quae
1868 2000 1954 2053 ipsa
1986 2013 2008 2038 a
2034 2012 2077 2038 se
2102 1999 2381 2054 proficiscere—

660 2079 757 2123 tur3
792 2085 889 2111 nam
921 2082 1084 2126 semper
1119 2069 1226 2110 illud
1257 2077 1373 2110 extra
1404 2082 1516 2119 esse,
1560 2068 1670 2123 quod
1709 2075 1796 2108 arte
1834 2067 2269 2122 comprehenderetur.
2313 2068 2378 2108 Sic

659 2140 876 2180 medicina:
904 2138 1209 2187 valetudinem,
1247 2136 1555 2191 gubernationis
1586 2136 1912 2192 navigationem,
1948 2135 2114 2178 vivendi
2146 2143 2233 2177 arte
2264 2150 2380 2177 com·-

659 2205 864 2263 prehendi
896 2206 1176 2263 prudentiam.
1211 2205 1318 2247 Cum
1343 2213 1483 2247 autem
1509 2206 1598 2247 fere
1624 2207 1733 2246 inter
1762 2220 1904 2247 omnes
1929 2213 2106 2257 constet,
2131 2205 2197 2258 id,
2224 2207 2267 2247 in
2294 2222 2377 2263 quo

662 2276 885 2332 prudentia
921 2283 1129 2325 versetur,
1161 2282 1203 2315 et
1234 2274 1345 2330 quod
1372 2275 1531 2330 assequi
1557 2275 1682 2326 velit,
1711 2281 1872 2314 naturae
1900 2274 2254 2316 accommodatum
2291 2290 2376 2316 esse

660 2344 832 2394 debere,
864 2351 907 2383 et
935 2344 1166 2398 appetitum
1195 2344 1322 2382 animi
1350 2341 1516 2398 (ὁρμὴν)
1547 2356 1621 2397 per
1648 2356 1691 2382 se
1718 2342 1903 2394 allicere;
1935 2342 2047 2399 quod
2073 2357 2168 2385 vero
2193 2359 2216 2384 a
2242 2345 2376 2401 primo

660 2421 753 2454 ortu
797 2420 946 2453 natura
983 2418 1179 2467 appetat,
1227 2411 1278 2451 de
1319 2412 1397 2452 hoc
1434 2413 1486 2452 sit
1527 2412 1659 2452 omnis
1702 2413 1810 2453 inter
1854 2411 2115 2469 philosophos
2153 2412 2373 2454 dissensio:

660 2481 940 2537 exquirendus
972 2489 1035 2521 est
1065 2482 1193 2536 igitur
1223 2483 1347 2521 totius
1374 2480 1499 2537 hujus
1528 2481 1763 2537 quaestionis
1794 2480 1906 2533 fons,
1938 2482 1982 2521 in
2012 2496 2096 2538 quo
2118 2490 2215 2523 sunt
2242 2483 2373 2538 prima
2391 2490 2402 2502 ¹

777 2615 820 2652 (1)
841 2614 931 2653 Diog.
960 2615 1063 2644 Lae'rt.
1085 2615 1140 2644 lib.
1168 2615 1223 2644 lv.
1246 2624 1339 2655 segm.
1362 2615 1410 2645 62.
