2743 3301
1457 290 1478 346 (
1508 293 1561 333 ⁵0
1591 292 1611 347 )

674 393 816 434 (agiam
841 391 957 445 sequi
985 387 1205 436 debemus,
1235 399 1332 426 cum
1360 391 1525 439 tempus
1550 398 1634 424 nou
1659 385 1842 440 suppetit
1872 385 1923 425 ad
1951 399 2039 427 rem
2063 396 2254 431 accurate
2285 403 2385 432 con-

673 459 955 509 siderandam3
984 454 1164 511 reliquas
1192 461 1331 495 autem
1350 452 1395 494 in
1419 452 1490 504 iis,
1522 452 1566 493 in
1593 451 1745 509 quibus
1771 452 1892 494 datur
1910 461 2092 510 tempus,
2121 465 2276 499 attente
2300 461 2386 500 sin-

674 530 775 584 gula
795 524 1080 582 persequendo
1112 537 1161 563 ac
1178 521 1390 564 tractando
1418 535 1482 564 res
1507 535 1600 576 quae
1620 520 1737 563 nobis
1763 521 2003 563 seofferunt
2028 524 2289 567 examinandi
2308 526 2382 582 (1).

1463 700 1598 756 gx.

730 871 824 910 Huc
858 867 1039 923 pertinet
1068 864 1171 903 alter
1201 862 1440 901 assensionis
1470 859 1718 901 sustinendae
1754 859 1922 911 modus,
1961 875 2087 916 quem
2119 877 2241 918 supra
2273 865 2384 908 indi-

676 940 872 981 cavimus.
910 936 972 976 Ex
1005 932 1138 973 verbis
1171 937 1309 970 autem
1339 927 1604 978 Clitomachi,
1638 942 1730 983 quae
1762 930 1938 970 servavit
1962 929 2077 970 nobis
2102 930 2265 983 Cicero,
2298 934 2384 975 col—

675 1009 747 1063 ligi
773 1012 925 1061 potest‚
956 999 1208 1042 Carneadem
1233 998 1322 1037 sine
1346 1010 1512 1037 assensu
1539 995 1763 1051 probabilia
1794 1012 1865 1037 sua
1892 1005 2082 1038 secutum
2108 1000 2247 1040 fuisse.
2277 1002 2383 1043 Cum

675 1075 787 1114 enim
815 1071 867 1111 de
894 1069 1021 1124 priori
1050 1066 1172 1107 modo
1201 1064 1364 1104 locutus
1397 1070 1518 1114 esset,
1551 1076 1575 1103 >2
1591 1062 1806 1116 Alterum,
1837 1066 1914 1117 ait,
1947 1074 2107 1119 tenere,
2138 1075 2186 1108 ut
2211 1082 2384 1124 sequens

674 1138 1025 1197 probabilitatem,
1059 1134 1312 1189 ubicumque
1344 1131 1432 1172 haec
1460 1137 1533 1172 aut
1561 1140 1770 1185 occurrat,
1801 1142 1873 1174 aut
1903 1133 2089 1187 deficiat,
2123 1144 2204 1175 aut
2227 1138 2379 1186 etiam,

675 1219 752 1251 aut
770 1224 854 1250 non
880 1205 1126 1261 respondere
1159 1203 1299 1258 possit:
1332 1215 1431 1251 nec,
1461 1208 1510 1240 ut
1528 1200 1703 1256 placeat,
1731 1215 1852 1252 eum,
1885 1203 1958 1257 qui
1978 1202 2028 1243 de
2055 1203 2244 1245 omnibus
2262 1204 2384 1247 rebus

675 1279 884 1319 contineat
901 1289 944 1315 se
962 1274 1013 1314 ab
1031 1271 1285 1314 assentiendo
1299 1301 1310 1321 ,
1335 1271 1491 1311 moveri
1515 1277 1652 1309 tamen
1678 1278 1720 1310 et
1741 1284 1861 1325 agere
1887 1270 2064 1325 aliquid,
2084 1271 2253 1327 reliquit
2271 1273 2383 1329 ejus-

674 1345 785 1386 modi
796 1344 879 1385 visa
888 1340 1105 1397 approbari
1117 1338 1289 1394 ,quibus
1302 1338 1352 1378 ad
1366 1338 1566 1379 actionem
1581 1338 1830 1379 excitemur:
1846 1339 1944 1378 item
1959 1352 2005 1378 ea
2016 1370 2027 1389 ,
2042 1353 2134 1394 quae
2145 1340 2382 1396 interrogati

672 1416 716 1452 in
741 1420 964 1464 utramque
995 1415 1155 1463 partem
1182 1406 1428 1461 respondere
1453 1420 1687 1460 possumuS‚
1714 1414 1930 1460 sequentes
1956 1408 2240 1449 tantummodo
2272 1410 2383 1465 quod

674 1483 729 1522 ita
759 1481 893 1522 visum
926 1478 1001 1528 sit,
1043 1475 1144 1517 dum
1178 1476 1273 1515 sine
1309 1489 1522 1515 assensu:
1557 1489 1694 1530 neque
1728 1482 1866 1514 tamen
1897 1476 2031 1514 omnia
2065 1475 2266 1531 ejusmodi
2302 1479 2382 1519 visa

674 1547 910 1604 approbari,
942 1545 1013 1586 sed
1032 1558 1100 1594 ea,
1131 1557 1224 1598 quae
1245 1542 1359 1582 nulla
1387 1557 1431 1583 re
1457 1543 1756 1598 impedirentur
1780 1542 1854 1596 (2).
1892 1543 2086 1584 »Verum
2111 1545 2175 1585 his
2202 1547 2382 1601 opposita

673 1633 757 1658 non
789 1616 921 1656 solum
950 1614 1001 1654 de
1021 1611 1258 1660 Carneade,
1292 1611 1361 1650 sed
1394 1612 1445 1650 de
1472 1613 1558 1665 ipso
1585 1625 1752 1666 quoque
1784 1610 2054 1662 Clitomacho,
2088 1612 2211 1652 tradit
2237 1614 2383 1653 Sextus

672 1684 906 1740 Empiricus
942 1681 1036 1735 (3):
1083 1677 1219 1730 ἐπειδὴ
1260 1682 1295 1721 οἱ
1329 1682 1400 1733 μὲν
1441 1680 1529 1733 περ)
1568 1678 1788 1733 Καρνεάδην
1826 1681 1892 1720 καὶ
1932 1679 2236 1735 Κλειτόμαχον,
2272 1684 2381 1734 μετὰ

672 1753 946 1808 προσ-κλίσεως
967 1746 1154 1801 σφοδρᾶς
1174 1746 1375 1788 πείθεσθαί
1398 1763 1444 1787 τε
1469 1749 1535 1787 καὶ
1556 1745 1712 1788 πιθανὸν
1731 1744 1824 1788 εἶναι
1851 1749 1893 1787 τί
1912 1751 2051 1799 φασιν·
2074 1749 2181 1801 ἡμεῖς
2207 1748 2248 1790 δὲ
2272 1751 2380 1792 κατὰ

673 1823 721 1863 τὸ
747 1820 889 1864 ἁπλῶς
917 1816 1056 1866 ε’ἰκειν,
1078 1815 1171 1857 ἄνευ
1199 1812 1486 1868 mom-aesica·
1514 1815 1579 1855 καὶ
1615 1815 1725 1857 κατὰ
1745 1820 1867 1856 τοῦτο
1885 1813 1933 1857 ἂν
1961 1818 2086 1858 αὐτῶν
2116 1815 2379 1872 διαφέροιμεν.

672 1890 754 1930 Nos
793 1886 964 1943 quidem
993 1884 1048 1924 de
1077 1883 1155 1922 hac
1195 1881 1467 1926 controversia
1502 1895 1585 1921 non
1622 1881 1822 1922 audemus
1853 1885 2149 1939 pronunciare:
2198 1899 2251 1925 ne
2281 1886 2382 1941 quid

672 1966 812 1998 tamen
842 1951 1166 2002 dissimulemus,
1206 1949 1426 2005 praeplacet
1462 1949 1574 1989 Sexti
1605 1951 1883 1990 testimonium
1901 1981 1912 2001 ,
1947 1954 2100 2005 quippe
2132 1954 2250 2006 quod·
2280 1955 2381 1994 Car-

672 2025 848 2072 ueadeaev
865 2019 1078 2062 seuoentiae
1103 2017 1230 2058 indoli
1253 2019 1381 2072 magis
1407 2031 1638 2072 congruum
1662 2031 1747 2058 esse
1776 2017 1978 2058 videatur.
2012 2018 2098 2068 Qui
2127 2021 2256 2070 enim,
2285 2035 2380 2063 cum

672 2091 831 2149 percipi
860 2087 967 2129 nihil·
992 2100 1106 2142 posse
1134 2093 1353 2136 statueret,
1388 2099 1647 2132 assensurum
1678 2085 1892 2141 aliquoties
1919 2087 2144 2141 sapientem
2171 2101 2381 2129 concesse-

672 2168 757 2211 rat,
790 2155 950 2214 quanto
976 2155 1106 2210 magis
1135 2155 1174 2194 is
1199 2168 1415 2196 assensum·
1437 2154 1659 2209 quemdam
1688 2155 1889 2196 invexisse
1920 2155 2132 2209 putandus
2157 2163 2237 2207 σειν,
2269 2165 2382 2212 Ρωμ-

672 2243 798 2285 quam
814 2226 926 2269 varia
952 2222 1249 2279 probabilitatis
1271 2236 1420 2277 genera
1451 2225 1506 2263 ita
1527 2224 1811 2274 constituerat,
1840 2231 1888 2264 ut
1914 2224 2313 2265 verisimilitudinem
2340 2234 2386 2265 et

748 2388 807 2426 (ι)
834 2386 882 2417 ld.
903 2386 986 2416 Ibid.
1008 2386 1026 2424 §
1047 2386 1100 2415 185
1118 2402 1158 2408 —
1180 2395 1246 2425 ¹9⁰·
1269 2385 1361 2423 Quod
1382 2386 1407 2414 si
1428 2385 1499 2425 quis
1522 2384 1689 2415 Carneadis
1707 2385 1744 2415 de
1762 2384 1918 2424 probabiki
1939 2385 2183 2425 disputationem
2208 2388 2381 2417 accuratius

672 2449 830 2470 excussam
864 2444 957 2479 atque
990 2437 1197 2476 dijudicatam
1230 2438 1406 2472 desiderat,
1451 2438 1543 2468 adeat
1572 2438 1597 2467 is
1622 2437 1825 2467 Gerlachium
1858 2437 1897 2467 V.
1935 2437 1974 2467 D.
2002 2437 2035 2467 in
2065 2444 2263 2468 commentat.
2292 2439 2377 2468 laud.

670 2501 703 2531 p.
731 2491 767 2529 25
787 2500 855 2530 sqq.

749 2541 807 2578 (a)
827 2539 948 2570 Acadd.
978 2541 1027 2577 11,
1053 2541 1102 2570 52.
1122 2549 1154 2579 p.
1183 2540 1248 2579 196.

753 2593 810 2630 (3)
830 2591 989 2630 Pynlsou.
1016 2592 1187 2631 Hypotyp.
1211 2594 1243 2629 1,
1266 2592 1282 2630 §
1307 2593 1372 2622 230.
1398 2592 1477 2622 con.
1502 2594 1592 2632 §228
1613 2600 1641 2623 et
1661 2593 1733 2622 adv.
1758 2593 1909 2622 Mathem.
1936 2592 2015 2629 vn,
2042 2593 2143 2631 9605.
