2743 3294
1113 305 1132 355 (
1165 304 1216 356 39
1247 306 1265 356 )

318 405 449 444 inesse
476 400 718 442 concederet
743 399 899 455 aliquid
919 399 1238 453 significantem,
1260 406 1320 448 et,
1344 414 1435 454 quae
1461 416 1532 454 per
1559 415 1599 441 se
1623 402 1707 456 ipsa
1734 409 1864 452 certa,
1891 405 2032 457 cogni-

320 472 422 512 tioni
453 479 592 512 autem
624 471 843 511 hominum
874 467 1083 508 ohscurior
1112 474 1237 517 esset,
1269 467 1349 506 illis
1378 467 1671 524 objectionibus
1703 469 1781 510 alio
1815 470 1935 511 modo
1965 485 2033 510 oc-

321 541 572 582 currendum
600 540 745 590 sensit,
772 546 815 578 et
846 537 932 577 haec
959 536 1094 576 omnia
1121 550 1217 576 casu
1241 536 1329 576 fieri
1355 538 1644 592 pronunciavit
1669 539 1740 593 (1).
1770 540 1906 589 Quam
1937 555 2033 580 vero

323 611 566 651 sententiam
598 617 647 649 ut
673 608 954 657 confirmaret,
978 605 1157 662 fingebat
1176 606 1220 647 in
1241 606 1438 648 Chiorum
1464 607 1716 662 lapidicinis,
1745 624 1838 649 saxo
1866 609 2029 656 diffisso,

322 687 447 734 caput
478 679 677 718 exstitisse
707 677 865 715 Panisci
894 675 968 730 (2).
1009 675 1070 714 Ad
1110 675 1241 715 simile
1279 690 1445 731 quoque
1486 676 1611 730 hujus
1651 679 1708 716 rei
1741 688 2030 731 argumentum

323 749 501 803 pertinet
540 746 665 795 illud,
708 745 818 800 quod
853 744 993 785 Cicero
1024 744 1174 784 refert:
1207 758 1304 784 eum
1337 746 1547 799 requirere
1585 745 1776 795 solitum,
1817 746 2032 800 Jupitern‹›

325 817 539 857 Cornicem
575 830 596 855 a
628 814 753 865 laeva,
789 813 968 855 Corvum
996 827 1018 852 a
1048 812 1192 852 dextra
1225 826 1372 852 canere
1395 812 1572 869 jussisset
1599 814 1671 867 (3).

378 886 574 926 Ceterum
605 883 962 939 quandoquidem,
997 889 1099 921 teste
1132 881 1328 921 Cicerone
1353 882 1436 936 (4).
1466 882 1596 922 multa
1629 890 1772 922 contra
1801 883 2031 924 Divinatio-

322 969 417 995 nem
450 953 694 1009 disputavit,
726 950 937 1007 probabile
968 957 1051 1001 est,
1089 965 1185 991 eum
1216 951 1353 1001 varia,
1398 966 1489 1006 quae
1530 952 1907 1003 constituebantur,
1948 953 2035 1007 ejus

322 1037 472 1079 genera
519 1022 831 1077 oppugnavisse.
886 1020 1076 1070 Quarum
1116 1028 1253 1060 tamen
1294 1020 1620 1075 disputationum
1666 1029 1826 1060 tantum
1869 1021 1918 1060 ad
1964 1036 2033 1059 nos

322 1092 511 1148 pervenit
542 1090 666 1131 breve
698 1088 864 1144 aliquod
893 1096 935 1128 et
965 1089 1097 1129 facete
1126 1089 1308 1139 dictum,
1352 1104 1434 1145 quo
1469 1089 1602 1129 Sortes
1628 1089 1839 1138 irridebat,
1876 1089 2032 1137 dicens,

322 1176 525 1217 nusquam
558 1175 600 1199 se
629 1159 963 1209 fortunatiorem,
997 1174 1121 1214 quam
1150 1160 1379 1209 Praeneste,
1408 1159 1553 1200 vidisse
1581 1159 1789 1197 fortunam
1815 1158 1888 1211 (5).

439 1340 480 1377 (1)
502 1340 565 1368 Cic.
593 1339 629 1367 de
652 1338 796 1368 Divinat.
825 1341 855 1372 1,
888 1339 932 1368 13.

436 1393 478 1428 (ιι)
502 1391 549 1419 ld.
579 1390 660 1418 ibid.

438 1443 481 1481 (5)
500 1442 566 1472 cic.
591 1442 613 1472 l.
642 1452 667 1471 c.
694 1451 762 1481 cap.
795 1452 821 1479 7.

438 1496 479 1531 (4)
500 1496 536 1524 L.
559 1505 584 1524 c.
609 1505 676 1533 cap.
702 1495 730 1522 4.

437 1545 478 1582 (5)
500 1544 562 1574 Cic.
589 1545 625 1574 de
646 1544 789 1574 Divinat.
815 1546 862 1578 11,
890 1544 936 1572 41.
