<?xml version="1.0" encoding="UTF-8"?>
<!DOCTYPE html PUBLIC "-//W3C//DTD XHTML 1.0 Transitional//EN"
    "http://www.w3.org/TR/xhtml1/DTD/xhtml1-transitional.dtd">
<html xmlns="http://www.w3.org/1999/xhtml" xml:lang="en" lang="en">
 <head>
  <title>
</title>
<meta http-equiv="Content-Type" content="text/html;charset=utf-8" />
  <meta name='ocr-system' content='tesseract 3.04.00' />
  <meta name='ocr-capabilities' content='ocr_page ocr_carea ocr_par ocr_line ocrx_word'/>
</head>
<body>
  <div class='ocr_page' id='page_1' title='image "4774699_0061.png"; bbox 0 0 2743 3301; ppageno 0'>
   <div class='ocr_carea' id='block_1_1' title="bbox 0 0 146 404">
    <p class='ocr_par' dir='ltr' id='par_1_1' title="bbox 0 0 146 404">
     <span class='ocr_line' id='line_1_1' title="bbox 0 0 146 404; baseline 0 2897"><span class='ocrx_word' id='word_1_1' title='bbox 0 0 146 404; x_wconf 95' lang='lat' dir='ltr'> </span> 
     </span>
    </p>
   </div>
   <div class='ocr_carea' id='block_1_2' title="bbox 52 2789 68 2813">
    <p class='ocr_par' dir='ltr' id='par_1_2' title="bbox 52 2789 69 2825">
     <span class='ocr_line' id='line_1_2' title="bbox 52 2789 68 2813; baseline 0 12"><span class='ocrx_word' id='word_1_2' title='bbox 52 2789 68 2813; x_wconf 67' lang='grc' dir='ltr'><strong>τ</strong></span> 
     </span>
    </p>
   </div>
   <div class='ocr_carea' id='block_1_3' title="bbox 1391 326 1546 385">
    <p class='ocr_par' dir='ltr' id='par_1_3' title="bbox 1391 326 1546 385">
     <span class='ocr_line' id='line_1_3' title="bbox 1391 326 1546 385; baseline 0.006 -1"><span class='ocrx_word' id='word_1_3' title='bbox 1391 326 1546 385; x_wconf 74' lang='grc'>(44)</span> 
     </span>
    </p>
   </div>
   <div class='ocr_carea' id='block_1_4' title="bbox 600 419 2331 1444">
    <p class='ocr_par' dir='ltr' id='par_1_4' title="bbox 600 419 2331 1444">
     <span class='ocr_line' id='line_1_4' title="bbox 603 419 2327 482; baseline 0.001 -15"><span class='ocrx_word' id='word_1_4' title='bbox 603 428 833 468; x_wconf 68' lang='lat' dir='ltr'>anim-ntes</span> <span class='ocrx_word' id='word_1_5' title='bbox 867 423 1041 465; x_wconf 79' lang='lat' dir='ltr'>comoda</span> <span class='ocrx_word' id='word_1_6' title='bbox 1080 437 1155 464; x_wconf 77' lang='lat' dir='ltr'>sua</span> <span class='ocrx_word' id='word_1_7' title='bbox 1192 421 1450 473; x_wconf 74' lang='lat' dir='ltr'><strong>defendant,</strong></span> <span class='ocrx_word' id='word_1_8' title='bbox 1494 419 1644 464; x_wconf 74' lang='lat' dir='ltr'>exinde</span> <span class='ocrx_word' id='word_1_9' title='bbox 1681 424 1888 482; x_wconf 81' lang='lat' dir='ltr'>sequitur,</span> <span class='ocrx_word' id='word_1_10' title='bbox 1930 434 2006 470; x_wconf 73' lang='lat' dir='ltr'>aut</span> <span class='ocrx_word' id='word_1_11' title='bbox 2041 427 2202 472; x_wconf 78' lang='lat' dir='ltr'>nullam</span> <span class='ocrx_word' id='word_1_12' title='bbox 2243 434 2327 475; x_wconf 68' lang='lat' dir='ltr'>esse</span> 
     </span>
     <span class='ocr_line' id='line_1_5' title="bbox 600 491 2329 553; baseline 0.004 -18"><span class='ocrx_word' id='word_1_13' title='bbox 600 495 799 553; x_wconf 77' lang='lat' dir='ltr'>justitiam</span> <span class='ocrx_word' id='word_1_14' title='bbox 815 524 827 545; x_wconf 86' lang='lat'>‚</span> <span class='ocrx_word' id='word_1_15' title='bbox 859 501 933 533; x_wconf 76' lang='lat' dir='ltr'>aut</span> <span class='ocrx_word' id='word_1_16' title='bbox 955 492 992 532; x_wconf 73' lang='lat' dir='ltr'>si</span> <span class='ocrx_word' id='word_1_17' title='bbox 1019 505 1103 549; x_wconf 79' lang='lat' dir='ltr'>qua</span> <span class='ocrx_word' id='word_1_18' title='bbox 1130 492 1202 543; x_wconf 81' lang='lat' dir='ltr'>sit,</span> <span class='ocrx_word' id='word_1_19' title='bbox 1226 506 1433 534; x_wconf 78' lang='lat' dir='ltr'>summam</span> <span class='ocrx_word' id='word_1_20' title='bbox 1459 505 1545 533; x_wconf 81' lang='lat' dir='ltr'>esse</span> <span class='ocrx_word' id='word_1_21' title='bbox 1572 491 1810 546; x_wconf 72' lang='lat' dir='ltr'><strong>stultitiam,</strong></span> <span class='ocrx_word' id='word_1_22' title='bbox 1838 497 2034 551; x_wconf 82' lang='lat' dir='ltr'>quoniam</span> <span class='ocrx_word' id='word_1_23' title='bbox 2056 496 2133 539; x_wconf 79' lang='lat' dir='ltr'>sibi</span> <span class='ocrx_word' id='word_1_24' title='bbox 2160 508 2329 542; x_wconf 75' lang='lat' dir='ltr'>noceret</span> 
     </span>
     <span class='ocr_line' id='line_1_6' title="bbox 602 559 2329 625; baseline 0.003 -21"><span class='ocrx_word' id='word_1_25' title='bbox 602 563 745 605; x_wconf 73' lang='lat' dir='ltr'>alienis</span> <span class='ocrx_word' id='word_1_26' title='bbox 775 560 1003 602; x_wconf 78' lang='lat' dir='ltr'>commodis</span> <span class='ocrx_word' id='word_1_27' title='bbox 1029 559 1262 601; x_wconf 73' lang='lat' dir='ltr'>consulens.</span> <span class='ocrx_word' id='word_1_28' title='bbox 1295 559 1427 611; x_wconf 85' lang='lat' dir='ltr'>Quod</span> <span class='ocrx_word' id='word_1_29' title='bbox 1451 559 1483 601; x_wconf 84' lang='lat' dir='ltr'>si</span> <span class='ocrx_word' id='word_1_30' title='bbox 1515 559 1645 617; x_wconf 85' lang='lat' dir='ltr'>igitur</span> <span class='ocrx_word' id='word_1_31' title='bbox 1676 576 1818 606; x_wconf 82' lang='lat' dir='ltr'>omnes</span> <span class='ocrx_word' id='word_1_32' title='bbox 1844 565 2019 625; x_wconf 86' lang='lat' dir='ltr'>populi,</span> <span class='ocrx_word' id='word_1_33' title='bbox 2053 568 2125 623; x_wconf 92' lang='lat' dir='ltr'>qui</span> <span class='ocrx_word' id='word_1_34' title='bbox 2152 568 2329 624; x_wconf 84' lang='lat' dir='ltr'>imperio</span> 
     </span>
     <span class='ocr_line' id='line_1_7' title="bbox 601 629 2329 692; baseline 0.003 -20"><span class='ocrx_word' id='word_1_35' title='bbox 601 632 770 682; x_wconf 65' lang='lat' dir='ltr'>florent,</span> <span class='ocrx_word' id='word_1_36' title='bbox 803 639 846 671; x_wconf 86' lang='lat' dir='ltr'>et</span> <span class='ocrx_word' id='word_1_37' title='bbox 876 632 1104 686; x_wconf 72' lang='lat' dir='ltr'>praesertim</span> <span class='ocrx_word' id='word_1_38' title='bbox 1135 629 1338 678; x_wconf 78' lang='lat' dir='ltr'>Romani,</span> <span class='ocrx_word' id='word_1_39' title='bbox 1372 629 1445 683; x_wconf 85' lang='lat' dir='ltr'>qui</span> <span class='ocrx_word' id='word_1_40' title='bbox 1472 629 1600 669; x_wconf 85' lang='lat' dir='ltr'>totius</span> <span class='ocrx_word' id='word_1_41' title='bbox 1624 629 1735 670; x_wconf 76' lang='lat' dir='ltr'>orbis</span> <span class='ocrx_word' id='word_1_42' title='bbox 1766 634 1886 688; x_wconf 84' lang='lat' dir='ltr'>potiti</span> <span class='ocrx_word' id='word_1_43' title='bbox 1919 641 2037 687; x_wconf 83' lang='lat' dir='ltr'>sunt,</span> <span class='ocrx_word' id='word_1_44' title='bbox 2070 633 2169 692; x_wconf 85' lang='lat' dir='ltr'>justi</span> <span class='ocrx_word' id='word_1_45' title='bbox 2200 635 2329 677; x_wconf 82' lang='lat' dir='ltr'>velint</span> 
     </span>
     <span class='ocr_line' id='line_1_8' title="bbox 602 695 2329 759; baseline 0.001 -17"><span class='ocrx_word' id='word_1_46' title='bbox 602 713 709 753; x_wconf 73' lang='lat' dir='ltr'>esse,</span> <span class='ocrx_word' id='word_1_47' title='bbox 728 700 772 741; x_wconf 87' lang='lat' dir='ltr'>id</span> <span class='ocrx_word' id='word_1_48' title='bbox 791 707 875 751; x_wconf 84' lang='lat' dir='ltr'>est,</span> <span class='ocrx_word' id='word_1_49' title='bbox 900 699 933 740; x_wconf 83' lang='lat' dir='ltr'>si</span> <span class='ocrx_word' id='word_1_50' title='bbox 955 698 1087 740; x_wconf 85' lang='lat' dir='ltr'>aliena</span> <span class='ocrx_word' id='word_1_51' title='bbox 1112 698 1357 748; x_wconf 77' lang='lat' dir='ltr'>restituant,</span> <span class='ocrx_word' id='word_1_52' title='bbox 1377 696 1476 752; x_wconf 79' lang='lat' dir='ltr'>ipsis</span> <span class='ocrx_word' id='word_1_53' title='bbox 1495 695 1547 737; x_wconf 83' lang='lat' dir='ltr'>ad</span> <span class='ocrx_word' id='word_1_54' title='bbox 1568 712 1678 739; x_wconf 79' lang='lat' dir='ltr'>casas</span> <span class='ocrx_word' id='word_1_55' title='bbox 1698 707 1760 741; x_wconf 76' lang='lat' dir='ltr'>est</span> <span class='ocrx_word' id='word_1_56' title='bbox 1777 701 2061 755; x_wconf 77' lang='lat' dir='ltr'>redeundum,</span> <span class='ocrx_word' id='word_1_57' title='bbox 2083 712 2126 744; x_wconf 92' lang='lat' dir='ltr'>et</span> <span class='ocrx_word' id='word_1_58' title='bbox 2146 705 2188 744; x_wconf 88' lang='lat' dir='ltr'>in</span> <span class='ocrx_word' id='word_1_59' title='bbox 2210 718 2329 759; x_wconf 73' lang='lat' dir='ltr'>eges-</span> 
     </span>
     <span class='ocr_line' id='line_1_9' title="bbox 601 765 2330 830; baseline 0.002 -20"><span class='ocrx_word' id='word_1_60' title='bbox 601 778 685 810; x_wconf 81' lang='lat' dir='ltr'>tate</span> <span class='ocrx_word' id='word_1_61' title='bbox 725 783 773 808; x_wconf 77' lang='lat' dir='ltr'>ac</span> <span class='ocrx_word' id='word_1_62' title='bbox 805 769 977 808; x_wconf 78' lang='lat' dir='ltr'>miseriis</span> <span class='ocrx_word' id='word_1_63' title='bbox 1010 767 1233 824; x_wconf 77' lang='lat' dir='ltr'>jacendum</span> <span class='ocrx_word' id='word_1_64' title='bbox 1265 766 1342 820; x_wconf 83' lang='lat'>(1).</span> <span class='ocrx_word' id='word_1_65' title='bbox 1394 765 1466 805; x_wconf 80' lang='lat' dir='ltr'>His</span> <span class='ocrx_word' id='word_1_66' title='bbox 1497 765 1626 821; x_wconf 79' lang='lat' dir='ltr'>igitur</span> <span class='ocrx_word' id='word_1_67' title='bbox 1662 766 1828 810; x_wconf 81' lang='lat' dir='ltr'>efficere</span> <span class='ocrx_word' id='word_1_68' title='bbox 1858 770 2049 823; x_wconf 76' lang='lat' dir='ltr'>volebat,</span> <span class='ocrx_word' id='word_1_69' title='bbox 2084 772 2330 830; x_wconf 83' lang='lat' dir='ltr'>injustitiam</span> 
     </span>
     <span class='ocr_line' id='line_1_10' title="bbox 601 835 2330 897; baseline 0.001 -18"><span class='ocrx_word' id='word_1_70' title='bbox 601 837 773 889; x_wconf 82' lang='lat' dir='ltr'>utilem,</span> <span class='ocrx_word' id='word_1_71' title='bbox 803 836 1003 894; x_wconf 78' lang='lat' dir='ltr'>justitiam</span> <span class='ocrx_word' id='word_1_72' title='bbox 1030 851 1129 878; x_wconf 77' lang='lat' dir='ltr'>vero</span> <span class='ocrx_word' id='word_1_73' title='bbox 1155 835 1349 876; x_wconf 86' lang='lat' dir='ltr'>inutilem</span> <span class='ocrx_word' id='word_1_74' title='bbox 1380 849 1466 876; x_wconf 84' lang='lat' dir='ltr'>esse</span> <span class='ocrx_word' id='word_1_75' title='bbox 1492 836 1555 876; x_wconf 85' lang='lat' dir='ltr'>rei</span> <span class='ocrx_word' id='word_1_76' title='bbox 1583 835 1776 891; x_wconf 81' lang='lat' dir='ltr'>publicoe.</span> <span class='ocrx_word' id='word_1_77' title='bbox 1805 837 1888 878; x_wconf 84' lang='lat' dir='ltr'>&#39;Cui</span> <span class='ocrx_word' id='word_1_78' title='bbox 1919 840 1979 878; x_wconf 88' lang='lat' dir='ltr'>rei</span> <span class='ocrx_word' id='word_1_79' title='bbox 2009 853 2092 879; x_wconf 89' lang='lat' dir='ltr'>non</span> <span class='ocrx_word' id='word_1_80' title='bbox 2123 849 2330 897; x_wconf 81' lang='lat' dir='ltr'><strong>repugnat</strong></span> 
     </span>
     <span class='ocr_line' id='line_1_11' title="bbox 601 903 2329 964; baseline 0.002 -18"><span class='ocrx_word' id='word_1_81' title='bbox 601 907 671 946; x_wconf 89' lang='lat' dir='ltr'>hic</span> <span class='ocrx_word' id='word_1_82' title='bbox 702 906 925 962; x_wconf 82' lang='lat' dir='ltr'>Augustini</span> <span class='ocrx_word' id='word_1_83' title='bbox 953 905 1066 945; x_wconf 84' lang='lat' dir='ltr'>locus</span> <span class='ocrx_word' id='word_1_84' title='bbox 1092 904 1166 958; x_wconf 80' lang='lat'>(2).</span> <span class='ocrx_word' id='word_1_85' title='bbox 1212 903 1462 953; x_wconf 84' lang='lat' dir='ltr'>»Quoniam</span> <span class='ocrx_word' id='word_1_86' title='bbox 1490 918 1586 944; x_wconf 88' lang='lat' dir='ltr'>cum</span> <span class='ocrx_word' id='word_1_87' title='bbox 1622 905 1738 961; x_wconf 83' lang='lat' dir='ltr'>prius</span> <span class='ocrx_word' id='word_1_88' title='bbox 1774 913 1968 961; x_wconf 81' lang='lat' dir='ltr'>ageretur</span> <span class='ocrx_word' id='word_1_89' title='bbox 2004 921 2080 962; x_wconf 93' lang='lat' dir='ltr'>pro</span> <span class='ocrx_word' id='word_1_90' title='bbox 2115 907 2329 964; x_wconf 82' lang='lat' dir='ltr'>injustitiae</span> 
     </span>
     <span class='ocr_line' id='line_1_12' title="bbox 605 972 2329 1032; baseline 0 -16"><span class='ocrx_word' id='word_1_91' title='bbox 605 975 791 1032; x_wconf 86' lang='lat' dir='ltr'>partibus</span> <span class='ocrx_word' id='word_1_92' title='bbox 810 982 951 1015; x_wconf 83' lang='lat' dir='ltr'>contra</span> <span class='ocrx_word' id='word_1_93' title='bbox 972 974 1192 1030; x_wconf 84' lang='lat' dir='ltr'>justitiam,</span> <span class='ocrx_word' id='word_1_94' title='bbox 1210 981 1252 1013; x_wconf 88' lang='lat' dir='ltr'>et</span> <span class='ocrx_word' id='word_1_95' title='bbox 1269 973 1500 1023; x_wconf 84' lang='lat' dir='ltr'>diceretur,</span> <span class='ocrx_word' id='word_1_96' title='bbox 1518 974 1597 1012; x_wconf 82' lang='lat' dir='ltr'>nisi</span> <span class='ocrx_word' id='word_1_97' title='bbox 1622 987 1697 1027; x_wconf 88' lang='lat' dir='ltr'>per</span> <span class='ocrx_word' id='word_1_98' title='bbox 1718 972 1986 1028; x_wconf 86' lang='lat' dir='ltr'>injustitiam,</span> <span class='ocrx_word' id='word_1_99' title='bbox 2010 987 2097 1014; x_wconf 88' lang='lat' dir='ltr'>rem</span> <span class='ocrx_word' id='word_1_100' title='bbox 2119 975 2329 1028; x_wconf 80' lang='lat' dir='ltr'><strong>publicam</strong></span> 
     </span>
     <span class='ocr_line' id='line_1_13' title="bbox 603 1040 2331 1099; baseline 0.001 -15"><span class='ocrx_word' id='word_1_101' title='bbox 603 1053 709 1084; x_wconf 86' lang='lat' dir='ltr'>stare</span> <span class='ocrx_word' id='word_1_102' title='bbox 741 1044 970 1099; x_wconf 85' lang='lat' dir='ltr'>augerique</span> <span class='ocrx_word' id='word_1_103' title='bbox 1004 1057 1088 1081; x_wconf 89' lang='lat' dir='ltr'>non</span> <span class='ocrx_word' id='word_1_104' title='bbox 1120 1055 1262 1096; x_wconf 81' lang='lat' dir='ltr'>posse3</span> <span class='ocrx_word' id='word_1_105' title='bbox 1299 1041 1378 1081; x_wconf 91' lang='lat' dir='ltr'>hoc</span> <span class='ocrx_word' id='word_1_106' title='bbox 1411 1041 1542 1082; x_wconf 83' lang='lat' dir='ltr'>veluti</span> <span class='ocrx_word' id='word_1_107' title='bbox 1574 1040 1871 1084; x_wconf 85' lang='lat' dir='ltr'>validissimum</span> <span class='ocrx_word' id='word_1_108' title='bbox 1904 1043 2083 1098; x_wconf 83' lang='lat' dir='ltr'>positum</span> <span class='ocrx_word' id='word_1_109' title='bbox 2116 1051 2229 1095; x_wconf 84' lang='lat' dir='ltr'>erat,</span> <span class='ocrx_word' id='word_1_110' title='bbox 2261 1045 2331 1085; x_wconf 85' lang='lat' dir='ltr'>in·-</span> 
     </span>
     <span class='ocr_line' id='line_1_14' title="bbox 604 1110 2329 1172; baseline -0.002 -18"><span class='ocrx_word' id='word_1_111' title='bbox 604 1114 764 1170; x_wconf 81' lang='lat' dir='ltr'>justum</span> <span class='ocrx_word' id='word_1_112' title='bbox 792 1127 899 1163; x_wconf 88' lang='lat' dir='ltr'>esse,</span> <span class='ocrx_word' id='word_1_113' title='bbox 925 1120 976 1152; x_wconf 89' lang='lat' dir='ltr'>ut</span> <span class='ocrx_word' id='word_1_114' title='bbox 1000 1111 1189 1151; x_wconf 87' lang='lat' dir='ltr'>homines</span> <span class='ocrx_word' id='word_1_115' title='bbox 1217 1110 1455 1172; x_wconf 66' lang='lat' dir='ltr'>hominibus</span> <span class='ocrx_word' id='word_1_116' title='bbox 1480 1110 1787 1151; x_wconf 80' lang='lat' dir='ltr'>dominantibus</span> <span class='ocrx_word' id='word_1_117' title='bbox 1806 1111 1999 1152; x_wconf 84' lang='lat' dir='ltr'>serviant.</span> <span class='ocrx_word' id='word_1_118' title='bbox 2026 1111 2165 1161; x_wconf 88' lang='lat' dir='ltr'>Quam</span> <span class='ocrx_word' id='word_1_119' title='bbox 2191 1118 2329 1152; x_wconf 87' lang='lat' dir='ltr'>tamen</span> 
     </span>
     <span class='ocr_line' id='line_1_15' title="bbox 604 1178 2328 1240; baseline 0 -18"><span class='ocrx_word' id='word_1_120' title='bbox 604 1181 850 1240; x_wconf 83' lang='lat' dir='ltr'>injustitiam</span> <span class='ocrx_word' id='word_1_121' title='bbox 874 1180 955 1221; x_wconf 88' lang='lat' dir='ltr'>nisi</span> <span class='ocrx_word' id='word_1_122' title='bbox 981 1187 1180 1236; x_wconf 87' lang='lat' dir='ltr'>sequatur</span> <span class='ocrx_word' id='word_1_123' title='bbox 1206 1179 1424 1237; x_wconf 86' lang='lat' dir='ltr'>imperiosa</span> <span class='ocrx_word' id='word_1_124' title='bbox 1450 1179 1615 1233; x_wconf 88' lang='lat' dir='ltr'>civitas,</span> <span class='ocrx_word' id='word_1_125' title='bbox 1646 1178 1767 1237; x_wconf 88' lang='lat' dir='ltr'>cujus</span> <span class='ocrx_word' id='word_1_126' title='bbox 1791 1187 1853 1221; x_wconf 90' lang='lat' dir='ltr'>est</span> <span class='ocrx_word' id='word_1_127' title='bbox 1875 1193 2025 1236; x_wconf 85' lang='lat' dir='ltr'>magna</span> <span class='ocrx_word' id='word_1_128' title='bbox 2052 1195 2116 1236; x_wconf 79' lang='lat' dir='ltr'>res</span> <span class='ocrx_word' id='word_1_129' title='bbox 2141 1181 2328 1236; x_wconf 90' lang='lat' dir='ltr'>publica,</span> 
     </span>
     <span class='ocr_line' id='line_1_16' title="bbox 605 1247 2330 1307; baseline 0.001 -17"><span class='ocrx_word' id='word_1_130' title='bbox 605 1266 690 1291; x_wconf 87' lang='lat' dir='ltr'>non</span> <span class='ocrx_word' id='word_1_131' title='bbox 717 1265 807 1290; x_wconf 84' lang='lat' dir='ltr'>eam</span> <span class='ocrx_word' id='word_1_132' title='bbox 842 1264 958 1303; x_wconf 88' lang='lat' dir='ltr'>posse</span> <span class='ocrx_word' id='word_1_133' title='bbox 986 1250 1209 1303; x_wconf 86' lang='lat' dir='ltr'>provinciis</span> <span class='ocrx_word' id='word_1_134' title='bbox 1239 1248 1484 1303; x_wconf 84' lang='lat' dir='ltr'>imperare.&#39;&#39;</span> <span class='ocrx_word' id='word_1_135' title='bbox 1524 1249 1779 1304; x_wconf 80' lang='lat' dir='ltr'>Quanquam</span> <span class='ocrx_word' id='word_1_136' title='bbox 1810 1260 1909 1289; x_wconf 81' lang='lat' dir='ltr'>vero</span> <span class='ocrx_word' id='word_1_137' title='bbox 1947 1260 2034 1288; x_wconf 85' lang='lat' dir='ltr'>esse</span> <span class='ocrx_word' id='word_1_138' title='bbox 2060 1247 2229 1304; x_wconf 84' lang='lat' dir='ltr'>aliquod</span> <span class='ocrx_word' id='word_1_139' title='bbox 2265 1247 2330 1307; x_wconf 80' lang='lat' dir='ltr'>jus</span> 
     </span>
     <span class='ocr_line' id='line_1_17' title="bbox 605 1310 2330 1373; baseline 0.001 -15"><span class='ocrx_word' id='word_1_140' title='bbox 605 1310 727 1359; x_wconf 83' lang='lat' dir='ltr'>civile</span> <span class='ocrx_word' id='word_1_141' title='bbox 753 1315 1006 1357; x_wconf 85' lang='lat' dir='ltr'>concedebat</span> <span class='ocrx_word' id='word_1_142' title='bbox 1020 1348 1030 1367; x_wconf 89' lang='lat'>,</span> <span class='ocrx_word' id='word_1_143' title='bbox 1056 1330 1135 1357; x_wconf 90' lang='lat' dir='ltr'>nec</span> <span class='ocrx_word' id='word_1_144' title='bbox 1157 1316 1326 1357; x_wconf 90' lang='lat' dir='ltr'>omnino</span> <span class='ocrx_word' id='word_1_145' title='bbox 1344 1315 1547 1373; x_wconf 86' lang='lat' dir='ltr'>injustum</span> <span class='ocrx_word' id='word_1_146' title='bbox 1571 1318 1644 1368; x_wconf 87' lang='lat' dir='ltr'>sit,</span> <span class='ocrx_word' id='word_1_147' title='bbox 1666 1318 1774 1358; x_wconf 88' lang='lat' dir='ltr'>utin</span> <span class='ocrx_word' id='word_1_148' title='bbox 1795 1317 1961 1357; x_wconf 83' lang='lat' dir='ltr'>civitate</span> <span class='ocrx_word' id='word_1_149' title='bbox 1980 1316 2085 1357; x_wconf 85' lang='lat' dir='ltr'>alius</span> <span class='ocrx_word' id='word_1_150' title='bbox 2105 1316 2175 1356; x_wconf 83' lang='lat' dir='ltr'>alii</span> <span class='ocrx_word' id='word_1_151' title='bbox 2191 1347 2202 1369; x_wconf 87' lang='lat'><strong><em>‚</em></strong></span> <span class='ocrx_word' id='word_1_152' title='bbox 2231 1317 2330 1359; x_wconf 78' lang='lat' dir='ltr'>ordo</span> 
     </span>
     <span class='ocr_line' id='line_1_18' title="bbox 605 1384 2331 1444; baseline 0.001 -18"><span class='ocrx_word' id='word_1_153' title='bbox 605 1386 740 1427; x_wconf 70' lang='lat' dir='ltr'>ordini</span> <span class='ocrx_word' id='word_1_154' title='bbox 770 1386 970 1442; x_wconf 80' lang='lat' dir='ltr'>imperet,</span> <span class='ocrx_word' id='word_1_155' title='bbox 1003 1399 1095 1426; x_wconf 89' lang='lat' dir='ltr'>eam</span> <span class='ocrx_word' id='word_1_156' title='bbox 1121 1392 1263 1426; x_wconf 87' lang='lat' dir='ltr'>tamen</span> <span class='ocrx_word' id='word_1_157' title='bbox 1288 1384 1490 1444; x_wconf 86' lang='lat' dir='ltr'>justitiam</span> <span class='ocrx_word' id='word_1_158' title='bbox 1519 1386 1570 1428; x_wconf 91' lang='lat' dir='ltr'>ab</span> <span class='ocrx_word' id='word_1_159' title='bbox 1595 1385 1899 1437; x_wconf 73' lang='lat' dir='ltr'>imbecillitate,</span> <span class='ocrx_word' id='word_1_160' title='bbox 1927 1398 2011 1426; x_wconf 89' lang='lat' dir='ltr'>non</span> <span class='ocrx_word' id='word_1_161' title='bbox 2034 1399 2057 1427; x_wconf 88' lang='lat' dir='ltr'>a</span> <span class='ocrx_word' id='word_1_162' title='bbox 2085 1392 2233 1427; x_wconf 84' lang='lat' dir='ltr'>natura</span> <span class='ocrx_word' id='word_1_163' title='bbox 2258 1390 2331 1427; x_wconf 79' lang='lat' dir='ltr'>mit</span> 
     </span>
    </p>
   </div>
   <div class='ocr_carea' id='block_1_5' title="bbox 608 1453 1472 1541">
    <p class='ocr_par' dir='ltr' id='par_1_5' title="bbox 608 1453 1472 1541">
     <span class='ocr_line' id='line_1_19' title="bbox 608 1453 1472 1511; baseline 0 -15"><span class='ocrx_word' id='word_1_164' title='bbox 608 1455 823 1497; x_wconf 75' lang='lat' dir='ltr'>voluntate</span> <span class='ocrx_word' id='word_1_165' title='bbox 854 1454 1059 1510; x_wconf 84' lang='lat' dir='ltr'>proficisci</span> <span class='ocrx_word' id='word_1_166' title='bbox 1094 1453 1372 1495; x_wconf 87' lang='lat' dir='ltr'>contendebat</span> <span class='ocrx_word' id='word_1_167' title='bbox 1398 1455 1472 1511; x_wconf 87' lang='lat'>(3).</span> 
     </span>
     <span class='ocr_line' id='line_1_20' title="bbox 1220 1517 1285 1541; baseline 0 0"><span class='ocrx_word' id='word_1_168' title='bbox 1220 1517 1225 1521; x_wconf 82' lang='grc'>’</span> <span class='ocrx_word' id='word_1_169' title='bbox 1278 1520 1285 1541; x_wconf 60' lang='lat' dir='ltr'>N</span> 
     </span>
    </p>
   </div>
   <div class='ocr_carea' id='block_1_6' title="bbox 1298 1623 1554 1679">
    <p class='ocr_par' dir='ltr' id='par_1_6' title="bbox 1298 1623 1554 1679">
     <span class='ocr_line' id='line_1_21' title="bbox 1298 1623 1554 1679; baseline 0 -14"><span class='ocrx_word' id='word_1_170' title='bbox 1298 1639 1302 1678; x_wconf 41' lang='grc' dir='ltr'><em>χ</em></span> <span class='ocrx_word' id='word_1_171' title='bbox 1400 1623 1554 1679; x_wconf 70' lang='lat' dir='ltr'><strong>SVI.</strong></span> 
     </span>
    </p>
   </div>
   <div class='ocr_carea' id='block_1_7' title="bbox 606 1769 2333 2442">
    <p class='ocr_par' dir='ltr' id='par_1_7' title="bbox 606 1769 2333 2442">
     <span class='ocr_line' id='line_1_22' title="bbox 663 1769 2329 1826; baseline 0.001 -16"><span class='ocrx_word' id='word_1_172' title='bbox 663 1771 744 1810; x_wconf 88' lang='lat' dir='ltr'>Sed</span> <span class='ocrx_word' id='word_1_173' title='bbox 775 1770 865 1810; x_wconf 85' lang='lat' dir='ltr'>haec</span> <span class='ocrx_word' id='word_1_174' title='bbox 890 1769 1075 1823; x_wconf 79' lang='lat' dir='ltr'>quodam</span> <span class='ocrx_word' id='word_1_175' title='bbox 1105 1769 1228 1808; x_wconf 79' lang='lat' dir='ltr'>modo</span> <span class='ocrx_word' id='word_1_176' title='bbox 1256 1777 1293 1808; x_wconf 70' lang='lat' dir='ltr'>a‘</span> <span class='ocrx_word' id='word_1_177' title='bbox 1338 1770 1470 1809; x_wconf 80' lang='lat' dir='ltr'>solum</span> <span class='ocrx_word' id='word_1_178' title='bbox 1500 1769 1567 1825; x_wconf 57' lang='lat' dir='ltr'>§aa</span> <span class='ocrx_word' id='word_1_179' title='bbox 1599 1771 1789 1825; x_wconf 83' lang='lat' dir='ltr'>gentium</span> <span class='ocrx_word' id='word_1_180' title='bbox 1816 1778 1858 1811; x_wconf 80' lang='lat' dir='ltr'>et</span> <span class='ocrx_word' id='word_1_181' title='bbox 1888 1771 2064 1814; x_wconf 59' lang='lat' dir='ltr'>civitatis</span> <span class='ocrx_word' id='word_1_182' title='bbox 2091 1771 2329 1826; x_wconf 68' lang='lat' dir='ltr'>pertinent:</span> 
     </span>
     <span class='ocr_line' id='line_1_23' title="bbox 606 1836 2331 1896; baseline 0.001 -17"><span class='ocrx_word' id='word_1_183' title='bbox 606 1845 794 1894; x_wconf 85' lang='lat' dir='ltr'>superest</span> <span class='ocrx_word' id='word_1_184' title='bbox 819 1837 971 1893; x_wconf 78' lang='lat' dir='ltr'>igitur,</span> <span class='ocrx_word' id='word_1_185' title='bbox 1007 1844 1055 1878; x_wconf 85' lang='lat' dir='ltr'>ut</span> <span class='ocrx_word' id='word_1_186' title='bbox 1089 1836 1143 1877; x_wconf 88' lang='lat' dir='ltr'>de</span> <span class='ocrx_word' id='word_1_187' title='bbox 1177 1837 1270 1891; x_wconf 85' lang='lat' dir='ltr'>priv</span> <span class='ocrx_word' id='word_1_188' title='bbox 1297 1845 1341 1876; x_wconf 80' lang='lat' dir='ltr'>to</span> <span class='ocrx_word' id='word_1_189' title='bbox 1372 1837 1609 1888; x_wconf 74' lang='lat' dir='ltr'>videamus,</span> <span class='ocrx_word' id='word_1_190' title='bbox 1643 1839 1695 1879; x_wconf 87' lang='lat' dir='ltr'>ad</span> <span class='ocrx_word' id='word_1_191' title='bbox 1726 1839 1841 1893; x_wconf 85' lang='lat' dir='ltr'>quod</span> <span class='ocrx_word' id='word_1_192' title='bbox 1869 1838 2164 1894; x_wconf 71' lang='lat' dir='ltr'>explicandum</span> <span class='ocrx_word' id='word_1_193' title='bbox 2197 1854 2331 1896; x_wconf 67' lang='lat' dir='ltr'>opem</span> 
     </span>
     <span class='ocr_line' id='line_1_24' title="bbox 608 1903 2331 1963; baseline 0.001 -16"><span class='ocrx_word' id='word_1_194' title='bbox 608 1908 790 1963; x_wconf 82' lang='lat' dir='ltr'>pretium</span> <span class='ocrx_word' id='word_1_195' title='bbox 820 1918 906 1946; x_wconf 71' lang='lat' dir='ltr'>oese</span> <span class='ocrx_word' id='word_1_196' title='bbox 938 1904 1136 1945; x_wconf 82' lang='lat' dir='ltr'>duximus</span> <span class='ocrx_word' id='word_1_197' title='bbox 1161 1903 1365 1946; x_wconf 78' lang='lat' dir='ltr'>Lactantii</span> <span class='ocrx_word' id='word_1_198' title='bbox 1396 1903 1534 1945; x_wconf 88' lang='lat' dir='ltr'>locum</span> <span class='ocrx_word' id='word_1_199' title='bbox 1558 1920 1791 1961; x_wconf 81' lang='lat' dir='ltr'>apponere,</span> <span class='ocrx_word' id='word_1_200' title='bbox 1821 1909 1895 1963; x_wconf 87' lang='lat' dir='ltr'>qui</span> <span class='ocrx_word' id='word_1_201' title='bbox 1919 1911 1977 1950; x_wconf 83' lang='lat' dir='ltr'>sic</span> <span class='ocrx_word' id='word_1_202' title='bbox 2005 1908 2153 1950; x_wconf 84' lang='lat' dir='ltr'>habet:</span> <span class='ocrx_word' id='word_1_203' title='bbox 2180 1924 2204 1949; x_wconf 71' lang='lat' dir='ltr'>i)</span> <span class='ocrx_word' id='word_1_204' title='bbox 2225 1910 2331 1949; x_wconf 81' lang='lat' dir='ltr'>Tum</span> 
     </span>
     <span class='ocr_line' id='line_1_25' title="bbox 610 1972 2330 2033; baseline 0.002 -19"><span class='ocrx_word' id='word_1_205' title='bbox 610 1976 785 2014; x_wconf 69' lang='lat' dir='ltr'>omissis</span> <span class='ocrx_word' id='word_1_206' title='bbox 830 1972 1127 2012; x_wconf 74' lang='lat' dir='ltr'>communibus</span> <span class='ocrx_word' id='word_1_207' title='bbox 1167 1973 1230 2010; x_wconf 84' lang='lat' dir='ltr'>ad</span> <span class='ocrx_word' id='word_1_208' title='bbox 1262 1974 1442 2025; x_wconf 79' lang='lat' dir='ltr'>propria</span> <span class='ocrx_word' id='word_1_209' title='bbox 1487 1973 1702 2012; x_wconf 78' lang='lat' dir='ltr'>veniebat.</span> <span class='ocrx_word' id='word_1_210' title='bbox 1748 1974 1890 2016; x_wconf 88' lang='lat' dir='ltr'>Bonus</span> <span class='ocrx_word' id='word_1_211' title='bbox 1929 1975 2015 2026; x_wconf 85' lang='lat' dir='ltr'>vir,</span> <span class='ocrx_word' id='word_1_212' title='bbox 2049 1975 2213 2031; x_wconf 85' lang='lat' dir='ltr'>inquit,</span> <span class='ocrx_word' id='word_1_213' title='bbox 2245 1975 2330 2033; x_wconf 79' lang='lat' dir='ltr'>(sc.</span> 
     </span>
     <span class='ocr_line' id='line_1_26' title="bbox 611 2040 2332 2097; baseline 0.002 -14"><span class='ocrx_word' id='word_1_214' title='bbox 611 2041 867 2096; x_wconf 86' lang='lat' dir='ltr'>Carneades)</span> <span class='ocrx_word' id='word_1_215' title='bbox 915 2042 947 2082; x_wconf 93' lang='lat' dir='ltr'>si</span> <span class='ocrx_word' id='word_1_216' title='bbox 983 2040 1132 2082; x_wconf 85' lang='lat' dir='ltr'>habeat</span> <span class='ocrx_word' id='word_1_217' title='bbox 1162 2055 1331 2083; x_wconf 89' lang='lat' dir='ltr'>servum</span> <span class='ocrx_word' id='word_1_218' title='bbox 1370 2041 1626 2097; x_wconf 86' lang='lat' dir='ltr'>fugitivum,</span> <span class='ocrx_word' id='word_1_219' title='bbox 1669 2043 1736 2085; x_wconf 90' lang='lat' dir='ltr'>vel</span> <span class='ocrx_word' id='word_1_220' title='bbox 1778 2043 1951 2084; x_wconf 89' lang='lat' dir='ltr'>domum</span> <span class='ocrx_word' id='word_1_221' title='bbox 1993 2044 2245 2085; x_wconf 82' lang='lat' dir='ltr'>insalubrem</span> <span class='ocrx_word' id='word_1_222' title='bbox 2285 2062 2332 2087; x_wconf 90' lang='lat' dir='ltr'>ac</span> 
     </span>
     <span class='ocr_line' id='line_1_27' title="bbox 610 2110 2332 2167; baseline 0.001 -15"><span class='ocrx_word' id='word_1_223' title='bbox 610 2112 893 2167; x_wconf 76' lang='lat' dir='ltr'>pestilentem,</span> <span class='ocrx_word' id='word_1_224' title='bbox 913 2125 1007 2165; x_wconf 81' lang='lat' dir='ltr'>quae</span> <span class='ocrx_word' id='word_1_225' title='bbox 1027 2110 1125 2151; x_wconf 78' lang='lat' dir='ltr'>vitia</span> <span class='ocrx_word' id='word_1_226' title='bbox 1143 2110 1254 2149; x_wconf 84' lang='lat' dir='ltr'>solus</span> <span class='ocrx_word' id='word_1_227' title='bbox 1274 2110 1395 2160; x_wconf 78' lang='lat' dir='ltr'>sciat,</span> <span class='ocrx_word' id='word_1_228' title='bbox 1415 2117 1459 2150; x_wconf 92' lang='lat' dir='ltr'>et</span> <span class='ocrx_word' id='word_1_229' title='bbox 1479 2110 1572 2150; x_wconf 74' lang='lat' dir='ltr'>ideo</span> <span class='ocrx_word' id='word_1_230' title='bbox 1595 2110 1841 2165; x_wconf 78' lang='lat' dir='ltr'>proscribat,</span> <span class='ocrx_word' id='word_1_231' title='bbox 1870 2118 1918 2151; x_wconf 85' lang='lat' dir='ltr'>ut</span> <span class='ocrx_word' id='word_1_232' title='bbox 1938 2110 2110 2163; x_wconf 73' lang='lat' dir='ltr'>vendat3</span> <span class='ocrx_word' id='word_1_233' title='bbox 2132 2118 2332 2153; x_wconf 78' lang='lat' dir='ltr'>utrumne</span> 
     </span>
     <span class='ocr_line' id='line_1_28' title="bbox 610 2178 2333 2236; baseline 0.001 -15"><span class='ocrx_word' id='word_1_234' title='bbox 610 2179 891 2236; x_wconf 86' lang='lat' dir='ltr'>profitebitur,</span> <span class='ocrx_word' id='word_1_235' title='bbox 919 2178 1147 2234; x_wconf 86' lang='lat' dir='ltr'>fugitivum</span> <span class='ocrx_word' id='word_1_236' title='bbox 1174 2192 1340 2220; x_wconf 85' lang='lat' dir='ltr'>servum</span> <span class='ocrx_word' id='word_1_237' title='bbox 1357 2210 1368 2231; x_wconf 93' lang='lat'>,</span> <span class='ocrx_word' id='word_1_238' title='bbox 1401 2179 1467 2221; x_wconf 89' lang='lat' dir='ltr'>vel</span> <span class='ocrx_word' id='word_1_239' title='bbox 1494 2179 1756 2235; x_wconf 77' lang='lat' dir='ltr'>pestilentem</span> <span class='ocrx_word' id='word_1_240' title='bbox 1782 2179 1952 2221; x_wconf 87' lang='lat' dir='ltr'>domum</span> <span class='ocrx_word' id='word_1_241' title='bbox 1978 2194 2021 2221; x_wconf 88' lang='lat' dir='ltr'>se</span> <span class='ocrx_word' id='word_1_242' title='bbox 2042 2180 2249 2233; x_wconf 86' lang='lat' dir='ltr'>vendere,</span> <span class='ocrx_word' id='word_1_243' title='bbox 2280 2196 2333 2223; x_wconf 89' lang='lat' dir='ltr'>an</span> 
     </span>
     <span class='ocr_line' id='line_1_29' title="bbox 611 2246 2333 2304; baseline -0.001 -13"><span class='ocrx_word' id='word_1_244' title='bbox 611 2249 761 2291; x_wconf 86' lang='lat' dir='ltr'>celabit</span> <span class='ocrx_word' id='word_1_245' title='bbox 793 2246 1057 2303; x_wconf 74' lang='lat' dir='ltr'>emptorem?</span> <span class='ocrx_word' id='word_1_246' title='bbox 1085 2247 1126 2286; x_wconf 88' lang='lat' dir='ltr'>Si</span> <span class='ocrx_word' id='word_1_247' title='bbox 1153 2247 1434 2302; x_wconf 83' lang='lat' dir='ltr'>profitebitur,</span> <span class='ocrx_word' id='word_1_248' title='bbox 1468 2248 1601 2289; x_wconf 81' lang='lat' dir='ltr'>bonus</span> <span class='ocrx_word' id='word_1_249' title='bbox 1631 2248 1824 2304; x_wconf 84' lang='lat' dir='ltr'>quidem,</span> <span class='ocrx_word' id='word_1_250' title='bbox 1851 2249 1948 2303; x_wconf 85' lang='lat' dir='ltr'>quia</span> <span class='ocrx_word' id='word_1_251' title='bbox 1978 2262 2062 2289; x_wconf 88' lang='lat' dir='ltr'>non</span> <span class='ocrx_word' id='word_1_252' title='bbox 2094 2247 2235 2301; x_wconf 87' lang='lat' dir='ltr'>fallet,</span> <span class='ocrx_word' id='word_1_253' title='bbox 2261 2250 2333 2293; x_wconf 80' lang='lat' dir='ltr'>sed</span> 
     </span>
     <span class='ocr_line' id='line_1_30' title="bbox 611 2315 2330 2373; baseline -0.001 -14"><span class='ocrx_word' id='word_1_254' title='bbox 611 2327 751 2359; x_wconf 87' lang='lat' dir='ltr'>tamen</span> <span class='ocrx_word' id='word_1_255' title='bbox 772 2316 925 2358; x_wconf 85' lang='lat' dir='ltr'>stultus</span> <span class='ocrx_word' id='word_1_256' title='bbox 944 2315 1215 2373; x_wconf 84' lang='lat' dir='ltr'>judicabitur,</span> <span class='ocrx_word' id='word_1_257' title='bbox 1238 2317 1336 2372; x_wconf 80' lang='lat' dir='ltr'>quia</span> <span class='ocrx_word' id='word_1_258' title='bbox 1356 2316 1424 2358; x_wconf 84' lang='lat' dir='ltr'>vel</span> <span class='ocrx_word' id='word_1_259' title='bbox 1442 2331 1569 2373; x_wconf 74' lang='lat' dir='ltr'>parvo</span> <span class='ocrx_word' id='word_1_260' title='bbox 1589 2316 1763 2368; x_wconf 82' lang='lat' dir='ltr'>vendet,</span> <span class='ocrx_word' id='word_1_261' title='bbox 1785 2316 1853 2358; x_wconf 81' lang='lat' dir='ltr'>vel</span> <span class='ocrx_word' id='word_1_262' title='bbox 1873 2317 2042 2357; x_wconf 87' lang='lat' dir='ltr'>omnino</span> <span class='ocrx_word' id='word_1_263' title='bbox 2062 2331 2147 2356; x_wconf 86' lang='lat' dir='ltr'>non</span> <span class='ocrx_word' id='word_1_264' title='bbox 2166 2318 2330 2360; x_wconf 87' lang='lat' dir='ltr'>vendet.</span> 
     </span>
     <span class='ocr_line' id='line_1_31' title="bbox 615 2383 2331 2442; baseline -0.002 -13"><span class='ocrx_word' id='word_1_265' title='bbox 615 2390 656 2429; x_wconf 88' lang='lat' dir='ltr'>Si</span> <span class='ocrx_word' id='word_1_266' title='bbox 685 2388 902 2437; x_wconf 82' lang='lat' dir='ltr'>celaverit,</span> <span class='ocrx_word' id='word_1_267' title='bbox 944 2387 1024 2426; x_wconf 91' lang='lat' dir='ltr'>erit</span> <span class='ocrx_word' id='word_1_268' title='bbox 1058 2385 1228 2440; x_wconf 88' lang='lat' dir='ltr'>quidem</span> <span class='ocrx_word' id='word_1_269' title='bbox 1255 2387 1442 2441; x_wconf 82' lang='lat' dir='ltr'>sapiens,</span> <span class='ocrx_word' id='word_1_270' title='bbox 1475 2387 1572 2442; x_wconf 88' lang='lat' dir='ltr'>quia</span> <span class='ocrx_word' id='word_1_271' title='bbox 1603 2386 1665 2426; x_wconf 87' lang='lat' dir='ltr'>rei</span> <span class='ocrx_word' id='word_1_272' title='bbox 1698 2383 1905 2425; x_wconf 83' lang='lat' dir='ltr'>consulet:</span> <span class='ocrx_word' id='word_1_273' title='bbox 1932 2384 2004 2425; x_wconf 87' lang='lat' dir='ltr'>sed</span> <span class='ocrx_word' id='word_1_274' title='bbox 2032 2383 2143 2425; x_wconf 88' lang='lat' dir='ltr'>idem</span> <span class='ocrx_word' id='word_1_275' title='bbox 2176 2386 2331 2440; x_wconf 84' lang='lat' dir='ltr'>malus,</span> 
     </span>
    </p>
   </div>
   <div class='ocr_carea' id='block_1_8' title="bbox 694 2540 2217 2634">
    <p class='ocr_par' dir='ltr' id='par_1_8' title="bbox 694 2540 2217 2634">
     <span class='ocr_line' id='line_1_32' title="bbox 695 2540 2217 2583; baseline -0.001 -10"><span class='ocrx_word' id='word_1_276' title='bbox 695 2546 738 2582; x_wconf 86' lang='lat' dir='ltr'>(l)</span> <span class='ocrx_word' id='word_1_277' title='bbox 761 2545 903 2573; x_wconf 80' lang='lat' dir='ltr'>Laetam.</span> <span class='ocrx_word' id='word_1_278' title='bbox 927 2542 1039 2572; x_wconf 85' lang='lat' dir='ltr'>Divin.</span> <span class='ocrx_word' id='word_1_279' title='bbox 1064 2542 1169 2571; x_wconf 73' lang='lat' dir='ltr'>Instit.</span> <span class='ocrx_word' id='word_1_280' title='bbox 1195 2542 1237 2575; x_wconf 83' lang='lat' dir='ltr'>V,</span> <span class='ocrx_word' id='word_1_281' title='bbox 1264 2552 1309 2579; x_wconf 87' lang='lat'>¹7·</span> <span class='ocrx_word' id='word_1_282' title='bbox 1332 2540 1396 2578; x_wconf 76' lang='lat' dir='ltr'>Vl,</span> <span class='ocrx_word' id='word_1_283' title='bbox 1418 2553 1447 2582; x_wconf 84' lang='lat'>9.</span> <span class='ocrx_word' id='word_1_284' title='bbox 1470 2542 1563 2571; x_wconf 80' lang='lat' dir='ltr'>Gonf.</span> <span class='ocrx_word' id='word_1_285' title='bbox 1584 2542 1649 2572; x_wconf 85' lang='lat' dir='ltr'>Cic.</span> <span class='ocrx_word' id='word_1_286' title='bbox 1670 2542 1708 2572; x_wconf 87' lang='lat' dir='ltr'>de</span> <span class='ocrx_word' id='word_1_287' title='bbox 1729 2542 1864 2583; x_wconf 79' lang='lat' dir='ltr'>Republ.</span> <span class='ocrx_word' id='word_1_288' title='bbox 1892 2543 1953 2572; x_wconf 81' lang='lat'>111.</span> <span class='ocrx_word' id='word_1_289' title='bbox 1975 2552 2001 2572; x_wconf 92' lang='lat' dir='ltr'>c.</span> <span class='ocrx_word' id='word_1_290' title='bbox 2031 2551 2126 2582; x_wconf 54' lang='lat'><em>12¹1).</em></span> <span class='ocrx_word' id='word_1_291' title='bbox 2151 2542 2217 2573; x_wconf 78' lang='lat'>160.</span> 
     </span>
     <span class='ocr_line' id='line_1_33' title="bbox 694 2592 1464 2634; baseline -0.001 -10"><span class='ocrx_word' id='word_1_292' title='bbox 694 2595 737 2634; x_wconf 82' lang='lat'>(2)</span> <span class='ocrx_word' id='word_1_293' title='bbox 759 2593 806 2624; x_wconf 83' lang='lat' dir='ltr'>De</span> <span class='ocrx_word' id='word_1_294' title='bbox 826 2592 921 2625; x_wconf 81' lang='lat' dir='ltr'>civit.</span> <span class='ocrx_word' id='word_1_295' title='bbox 948 2592 1007 2623; x_wconf 84' lang='lat' dir='ltr'>Dei</span> <span class='ocrx_word' id='word_1_296' title='bbox 1033 2593 1130 2631; x_wconf 83' lang='lat' dir='ltr'>XIX,</span> <span class='ocrx_word' id='word_1_297' title='bbox 1158 2604 1205 2623; x_wconf 70' lang='grc' dir='ltr'>αι.</span> <span class='ocrx_word' id='word_1_298' title='bbox 1232 2593 1313 2623; x_wconf 81' lang='lat' dir='ltr'>Con.</span> <span class='ocrx_word' id='word_1_299' title='bbox 1341 2595 1393 2630; x_wconf 82' lang='grc' dir='ltr'>ΙΙ,</span> <span class='ocrx_word' id='word_1_300' title='bbox 1418 2605 1464 2623; x_wconf 83' lang='lat'>21.</span> 
     </span>
    </p>
   </div>
   <div class='ocr_carea' id='block_1_9' title="bbox 696 2644 1643 2685">
    <p class='ocr_par' dir='ltr' id='par_1_9' title="bbox 696 2644 1643 2685">
     <span class='ocr_line' id='line_1_34' title="bbox 696 2644 1643 2685; baseline 0 -10"><span class='ocrx_word' id='word_1_301' title='bbox 696 2648 738 2685; x_wconf 70' lang='grc' dir='ltr'>(ὅ)</span> <span class='ocrx_word' id='word_1_302' title='bbox 760 2647 824 2676; x_wconf 82' lang='lat' dir='ltr'>Cic.</span> <span class='ocrx_word' id='word_1_303' title='bbox 848 2646 869 2674; x_wconf 89' lang='lat'>1.</span> <span class='ocrx_word' id='word_1_304' title='bbox 890 2656 915 2674; x_wconf 92' lang='lat' dir='ltr'>c.</span> <span class='ocrx_word' id='word_1_305' title='bbox 941 2655 1009 2683; x_wconf 85' lang='lat' dir='ltr'>cap.</span> <span class='ocrx_word' id='word_1_306' title='bbox 1033 2646 1077 2673; x_wconf 77' lang='lat'>14.</span> <span class='ocrx_word' id='word_1_307' title='bbox 1104 2655 1133 2683; x_wconf 86' lang='lat' dir='ltr'>p.</span> <span class='ocrx_word' id='word_1_308' title='bbox 1163 2646 1227 2674; x_wconf 76' lang='lat'>162.</span> <span class='ocrx_word' id='word_1_309' title='bbox 1254 2644 1347 2674; x_wconf 84' lang='lat' dir='ltr'>Conf.</span> <span class='ocrx_word' id='word_1_310' title='bbox 1376 2654 1443 2683; x_wconf 83' lang='lat' dir='ltr'>cap.</span> <span class='ocrx_word' id='word_1_311' title='bbox 1467 2646 1495 2674; x_wconf 85' lang='lat'>8.</span> <span class='ocrx_word' id='word_1_312' title='bbox 1522 2655 1552 2684; x_wconf 86' lang='lat' dir='ltr'>p.</span> <span class='ocrx_word' id='word_1_313' title='bbox 1579 2646 1643 2675; x_wconf 82' lang='lat'>154.</span> 
     </span>
    </p>
   </div>
   <div class='ocr_carea' id='block_1_10' title="bbox 0 3184 2740 3301">
    <p class='ocr_par' dir='ltr' id='par_1_10' title="bbox 0 3184 2740 3301">
     <span class='ocr_line' id='line_1_35' title="bbox 0 3184 2740 3301; baseline 0 0"><span class='ocrx_word' id='word_1_314' title='bbox 0 3184 2740 3301; x_wconf 95' lang='lat' dir='ltr'> </span> 
     </span>
    </p>
   </div>
   <div class='ocr_carea' id='block_1_11' title="bbox 2481 0 2743 1345">
    <p class='ocr_par' dir='ltr' id='par_1_11' title="bbox 2481 0 2743 1345">
     <span class='ocr_line' id='line_1_36' title="bbox 2481 0 2743 1345; baseline 0 0"><span class='ocrx_word' id='word_1_315' title='bbox 2481 0 2743 1345; x_wconf 95' lang='lat' dir='ltr'> </span> 
     </span>
    </p>
   </div>
  </div>
 </body>
</html>
