2743 3301
1291 238 1447 294 (24)

502 336 719 377 criterium
750 338 842 376 erit.
878 334 919 374 Si
949 340 1087 374 autem
1116 331 1231 374 nulla
1260 333 1479 374 Phantasia
1502 335 1584 375 vim
1614 334 1737 376 habet
1767 336 1999 392 judicandi,
2028 354 2104 382 nec
2122 344 2226 384 ratio

502 408 582 451 erit
607 407 651 447 id
671 405 783 461 quod
803 403 978 460 judicat3
1007 417 1052 443 ea
1078 404 1191 444 enim
1218 402 1439 444 deducitur
1460 420 1480 443 a
1509 405 1694 445 veritate.
1723 404 1827 444 Nam
1855 408 2037 461 primum
2057 411 2227 464 quidem

502 477 542 517 ei
569 473 692 517 debet
719 486 917 530 apparere
952 471 995 512 id
1022 471 1135 528 quod
1167 471 1391 530 judicatur.
1432 472 1545 513 Nihil
1575 482 1713 514 autem
1747 482 1877 529 potest
1907 490 2104 531 apparere
2133 478 2226 520 abs-

502 559 584 601 que
618 557 739 583 sensu
772 548 943 597 experte
976 541 1159 589 rationis.
1202 539 1350 597 Neque
1386 555 1483 595 ergo
1515 556 1656 581 sensus
1689 559 1833 599 expers
1865 546 2054 596 rationis,
2087 561 2225 602 neque

500 613 602 654 ratio
632 619 693 653 est
725 609 765 651 id
797 609 910 665 quod
942 607 1097 665 judicat
1127 606 1203 662 (1).
1235 607 1361 650 Unde
1388 611 1615 651 necessario
1641 614 1843 667 sequitur,
1875 616 2086 657 criterium
2114 617 2225 659 veri-

500 683 592 722 tatis
630 681 840 736 nusquam
870 692 968 719 esse.

1280 862 1311 918 g
1352 861 1422 901 111.

956 946 985 969 ἡ

553 1023 662 1064 Illud
688 1023 813 1064 etiam
842 1019 1042 1062 Arcesilas
1057 1018 1272 1068 tuebatur,
1298 1018 1588 1059 nihilomnino
1615 1032 1718 1069 esse,
1747 1020 1857 1075 quod
1885 1022 1978 1062 sciri
1998 1025 2143 1078 possit,
2170 1040 2222 1068 ne

496 1093 600 1134 illud
625 1092 796 1148 quidem
818 1091 976 1147 ipsum,
1007 1088 1119 1145 quod
1138 1088 1321 1127 Socrates
1342 1086 1417 1126 sibi
1437 1086 1667 1142 reliquisset
1689 1088 1750 1142 (2)
1768 1104 1777 1139 ·,
1808 1104 1832 1128 ))
1848 1090 2063 1146 Antipatro
2090 1095 2220 1144 enim,

496 1178 631 1219 quum
649 1161 827 1212 diceret,
849 1160 910 1211 ei,
935 1159 1008 1215 qui
1027 1157 1268 1207 affirmaret,
1289 1155 1394 1196 nihil
1414 1169 1530 1210 posse
1553 1157 1745 1211 percepi,
1773 1167 2095 1202 consentaneum
2115 1176 2221 1215 esse,

494 1247 631 1273 uuum
663 1239 803 1272 tamen
834 1229 941 1271 illud
965 1228 1102 1270 dicere
1128 1227 1286 1284 percipi
1316 1240 1453 1283 posse,
1486 1233 1535 1267 ut
1558 1225 1636 1265 alia
1663 1241 1747 1266 non
1775 1235 1959 1282 possent,
1994 1228 2223 1273 Carneades

494 1302 656 1342 acutius
682 1297 908 1340 resistebat.
939 1297 1047 1338 Nam
1072 1303 1235 1337 tantum
1260 1295 1397 1335 abesse
1416 1294 1594 1346 dicebat,
1621 1301 1670 1334 ut
1691 1294 1734 1334 id
1749 1303 2075 1338 consentaneum
2096 1308 2220 1352 esset,

493 1378 542 1412 ut
561 1370 740 1411 maxime
761 1368 885 1410 etiam
905 1373 1173 1423 repugnaret.
1197 1365 1283 1416 Qui
1303 1365 1415 1406 enim
1431 1371 1600 1421 negaret
1616 1363 1843 1420 quidquam
1865 1379 1972 1417 esse,
1993 1366 2105 1422 quod
2123 1384 2221 1425 per-

495 1440 729 1493 ciperetur,
769 1451 868 1477 eum
893 1435 1000 1476 nihil
1028 1435 1243 1490 excipere:
1278 1435 1334 1474 ita
1368 1447 1533 1473 necesse
1564 1447 1648 1473 esse
1665 1464 1675 1484 ,
1703 1447 1757 1473 ne
1785 1433 1827 1473 id
1857 1435 1994 1488 ipsum
2026 1436 2219 1490 quidem,

496 1507 607 1560 quod
637 1513 858 1561 exceptum
884 1519 969 1545 non
996 1511 1121 1555 esset,
1150 1502 1448 1558 comprehendi
1471 1511 1513 1544 et
1538 1502 1696 1558 percipi
1720 1501 1807 1542 ullo
1831 1502 1952 1543 modo
1971 1504 2111 1559 posse”
2143 1506 2218 1562 (3).

552 1573 680 1615 Aliud
711 1587 901 1630 quoque,
945 1571 1056 1628 quod
1084 1578 1145 1612 est
1173 1571 1362 1611 omnium
1396 1570 1750 1612 evidentissimum
1768 1601 1779 1621 ,
1818 1570 1959 1611 multis
1995 1573 2221 1615 rationibus

493 1649 682 1684 evertere
712 1656 810 1682 eum
842 1649 1036 1681 conatum
1064 1655 1171 1689 esse,
1204 1641 1333 1681 refert
1363 1639 1547 1680 Galenus
1573 1639 1647 1693 (4).
1683 1638 1918 1683 Concedere
1940 1641 2051 1681 enim
2085 1642 2220 1683 noluit

493 1709 800 1768 magnitudines
823 1709 900 1749 uni
930 1709 1061 1749 tertiae
1085 1709 1282 1764 aequales,
1309 1711 1433 1750 etiam
1457 1710 1564 1749 inter
1583 1722 1625 1748 se
1646 1721 1732 1749 esse
1753 1708 1943 1764 aequales.
1975 1710 2070 1760 Quo
2097 1725 2219 1753 sensu

491 1788 632 1822 autem
654 1779 744 1820 haec
764 1777 1004 1834 accipienda
1018 1778 1120 1828 sint,
1143 1785 1255 1818 recte
1275 1777 1416 1817 docuit
1426 1776 1693 1833 philosophus
1715 1776 1867 1833 galluS‚
1882 1778 2127 1832 Degerando
2141 1781 2216 1836 (5).

491 1848 586 1889 Non
614 1848 726 1889 enim
755 1848 885 1903 ipsam
905 1845 1177 1887 ratiocinandi
1206 1847 1381 1887 formam
1409 1847 1686 1902 oppugnavit,
1717 1847 1787 1886 sed
1812 1855 1973 1890 tantum
2004 1850 2217 1892 ostendere

491 1904 646 1967 voluit,
675 1915 781 1955 nihil
809 1928 894 1955 esse
914 1915 958 1954 in
977 1915 1174 1967 materia,
1208 1914 1319 1971 quod
1352 1916 1567 1957 veritatem
1598 1914 1874 1955 formularum
1905 1918 2217 1960 mathematica-

492 2001 588 2027 rum
614 1985 740 2040 possit
770 1998 947 2039 aequare.

568 2152 624 2189 (ι)
645 2152 755 2182 Sextus
777 2149 964 2189 Empiricus.
993 2150 1013 2178 1.
1041 2149 1064 2178 l.
1085 2150 1101 2188 §
1124 2150 1177 2178 150
1193 2149 1289 2178 -166.
1326 2150 1374 2179 Ad
1397 2150 1477 2180 hanc
1501 2156 1605 2179 autem
1632 2149 1878 2190 disputationem
1904 2150 2126 2181 illustrandam
2152 2162 2215 2183 non

490 2204 646 2234 inutiliter
671 2202 809 2232 conferri
831 2207 934 2241 potest
953 2201 1112 2231 Ciceronis
1132 2202 1219 2230 locus
1242 2201 1362 2231 Acadd.
1385 2204 1434 2238 11,
1459 2203 1505 2231 13.
1532 2211 1563 2239 p.
1591 2201 1645 2230 118
1658 2210 1744 2240 sqq.,
1770 2201 1824 2230 ubi
1848 2202 1943 2232 totius
1957 2202 2214 2233 Academicorum

490 2253 621 2287 tutionis
639 2252 850 2285 fundamenta
871 2262 910 2284 ex
930 2251 1058 2284 Luculli
1080 2261 1212 2293 persona
1239 2258 1452 2294 exponuntur.

567 2308 622 2344 (2)
641 2306 706 2336 Cic.
729 2305 852 2336 Acadd.
875 2307 922 2342 11,
951 2306 996 2335 13.
1019 2315 1051 2343 p.
1079 2306 1127 2342 57.

569 2356 625 2393 (3)
644 2356 708 2386 Cic.
727 2354 851 2386 Acadd.
876 2356 924 2392 11,
948 2366 978 2395 9.
1001 2365 1033 2394 p.
1056 2356 1121 2384 104.
1146 2354 1225 2384 Coll.
1246 2355 1295 2384 34.
1319 2364 1351 2394 p.
1376 2355 1442 2384 203.

567 2407 624 2446 (4)
645 2407 691 2437 De
712 2407 832 2446 optimo
851 2406 977 2437 dicendi
998 2415 1107 2447 genere
1132 2406 1163 2435 in
1191 2405 1273 2435 med.

567 2459 626 2496 (5)
647 2461 685 2488 In
703 2470 792 2498 opere
807 2459 955 2495 laudato,
981 2466 1003 2488 ι.
1024 2461 1084 2488 111.
1103 2470 1129 2488 c.
1149 2459 1194 2488 13.
1216 2470 1248 2498 p.
1265 2459 1313 2488 84.
1332 2459 1424 2488 Cous.
1441 2465 1472 2489 et
1488 2458 1542 2498 qui
1558 2458 1649 2489 illum
1664 2469 1846 2500 praegressus
1863 2466 1925 2495 est,
1941 2460 2115 2492 Bruckerus
2130 2461 2211 2493 Hist.

486 2509 565 2539 Crit.
578 2508 699 2538 Philos.
715 2515 737 2538 t.
754 2512 780 2538 1.
798 2520 829 2548 p.
842 2511 898 2549 768
911 2520 957 2550 sq.
970 2532 980 2544 ‚
999 2516 1078 2539 recte
1093 2510 1241 2548 Baylium
1257 2511 1485 2549 reprehendens
1495 2533 1502 2547 ‚
1521 2510 1575 2548 qui
1593 2510 1666 2538 hinc
1680 2510 1823 2539 eliciebat
1835 2532 1843 2546 ,
1858 2520 1981 2549 negasse
1997 2512 2189 2541 Carneadem
2203 2534 2210 2547 ,

488 2572 557 2602 qua
578 2561 772 2592 conveniant
789 2561 846 2590 uni
868 2562 977 2596 tertio,
1000 2562 1168 2592 convenire
1192 2562 1274 2593 inter
1287 2572 1316 2591 se
1335 2562 1368 2592 in
1386 2562 1524 2593 Diction.
1549 2573 1580 2593 v.
1601 2561 1758 2591 Carneade
1774 2567 1839 2591 not.
1862 2562 1896 2592 C.
