2743 3301
729 0 754 28 κε,

1278 257 1428 312 (23)

1287 439 1317 494 g
1368 440 1419 480 11.

554 592 614 631 Ac
639 592 822 646 primum
846 588 1014 643 quidem
1041 600 1189 630 verum
1212 594 1261 627 ut
1287 595 1508 638 everteret,
1534 588 1612 628 hoc
1641 589 1761 630 modo
1783 592 2035 647 disputabat:
2059 594 2100 633 Si
2122 596 2224 649 quid

499 667 559 701 est
592 659 773 701 veritatis
802 658 1036 707 criterium,
1067 671 1151 696 non
1180 663 1313 710 potest
1339 663 1477 696 tamen
1508 658 1726 699 consistere
1763 659 1915 715 absque
1942 663 2067 702 animi
2096 663 2224 703 affec—

499 729 631 779 tione,
659 740 751 782 quae
771 725 952 767 nascitur
971 724 1021 766 ab
1048 723 1196 782 objecti
1221 727 1432 780 ἒναργεὶᾳ,
1452 724 1529 765 hoc
1553 735 1613 767 est
1634 730 1926 784 perspicuitate
1952 740 2024 771 aut
2049 733 2223 773 exiden-

500 797 553 836 tia
580 797 653 852 (1).
693 795 1040 851 Quandoquidem
1065 796 1177 834 enim
1209 793 1407 833 facultate
1434 795 1638 834 sentiendi
1663 797 1801 837 differt
1829 800 1980 839 animal
2012 802 2061 840 ab
2087 803 2225 842 inani-

498 866 598 916 mis,
632 866 800 905 omnino
830 873 873 905 et
898 879 940 904 se
969 872 1011 904 et
1039 871 1209 903 externa
1236 879 1311 919 per
1340 878 1442 909 eam,
1464 866 1751 920 apprehendit.
1786 868 1937 909 Sensus
1973 879 2111 911 autem
2145 874 2223 912 nisi

498 942 734 987 moveatur,
769 948 846 975 nec
885 940 1100 984 mutetur,
1141 932 1246 973 nihil
1279 933 1617 990 comprehendit,
1663 949 1751 980 neo
1773 950 1914 979 sensus
1945 938 2114 994 quidem
2140 948 2220 981 est:

498 1013 682 1046 mutatus
713 1013 853 1045 autem
879 1012 921 1043 et
960 1000 1143 1043 affectus
1164 1002 1214 1043 ab
1240 1003 1496 1044 evidentium
1530 1005 1785 1056 incursione,
1822 1015 1923 1046 tunc
1955 1008 2123 1048 demum
2161 1024 2223 1049 res

497 1074 665 1115 indicat.
698 1074 745 1113 In
773 1072 990 1113 affectione
1020 1072 1149 1126 igitur
1178 1072 1331 1122 animi,
1365 1086 1489 1126 quam
1522 1071 1670 1127 objecti
1704 1073 1909 1114 evidentia
1930 1076 2081 1131 gignit,
2108 1092 2224 1131 quae-

497 1141 674 1184 rendum
701 1148 762 1182 est
786 1140 873 1183 veri
903 1140 1129 1181 criterium.
1160 1139 1256 1181 Haec
1281 1146 1421 1190 autem
1437 1138 1617 1191 affectio,
1646 1154 1737 1196 quae
1765 1140 1908 1183 eadem
1927 1150 1988 1183 est
2015 1158 2061 1184 ac
2080 1144 2222 1185 Phan—

497 1213 616 1261 tasia,
650 1211 772 1251 debet
809 1208 991 1249 indicare
1023 1217 1065 1249 et
1101 1223 1142 1248 se
1180 1210 1326 1263 ipsam,
1366 1216 1407 1247 et
1446 1208 1653 1264 objectum
1688 1211 1799 1249 unde
1832 1212 2015 1265 profecta
2054 1221 2114 1252 est
2148 1215 2220 1268 (2).

499 1279 862 1332 Quemadmodum
889 1279 1001 1320 enim
1020 1277 1093 1319 lux
1120 1285 1161 1318 et
1185 1292 1226 1318 se
1249 1278 1379 1333 ipsam
1411 1276 1565 1317 indicat
1585 1285 1627 1318 et
1651 1293 1738 1329 res,
1772 1294 1872 1335 quas
1901 1280 2134 1334 collustrat,
2166 1284 2222 1323 ita

497 1352 622 1391 etiam
644 1350 885 1400 Phantasia,
920 1363 1017 1389 cum
1041 1350 1092 1387 sit
1120 1348 1206 1388 dux
1232 1348 1423 1402 princeps
1444 1348 1706 1401 cognitionis,
1739 1362 1830 1402 quae
1859 1357 1919 1389 est
1947 1352 1991 1389 in
2022 1352 2216 1402 animali,

498 1418 620 1459 debet
646 1419 773 1458 instar
799 1417 903 1458 lucis
929 1424 971 1457 et
997 1430 1039 1456 se
1064 1416 1193 1472 ipsam
1221 1415 1435 1456 ostendere
1462 1422 1503 1455 et
1532 1430 1618 1455 rem
1645 1415 1908 1457 effectricem.
1950 1418 2028 1459 Sed
2051 1434 2135 1459 non
2165 1421 2218 1460 ita

496 1502 678 1543 semper,
710 1487 841 1541 qualis
872 1499 965 1526 vere
984 1493 1066 1536 est,
1093 1499 1180 1525 rem
1197 1485 1375 1535 indicat,
1408 1486 1554 1539 saepius
1577 1492 1715 1524 autem
1745 1485 1870 1536 fauit,
1901 1494 1960 1537 et,
1982 1489 2108 1527 instar
2127 1489 2224 1527 infi—

497 1555 653 1597 delium
679 1556 953 1606 nunciorum,
987 1554 1189 1610 discrepat
1214 1569 1236 1593 a
1266 1552 1407 1603 rebuS,
1440 1567 1531 1607 quae
1558 1566 1649 1593 eam
1676 1554 1954 1594 immiserunt.
1989 1555 2081 1595 Non
2108 1571 2224 1611 quae-

495 1625 597 1666 libet
625 1626 754 1680 igitur
777 1624 995 1665 Phantasia
1024 1623 1236 1663 criterium
1262 1621 1443 1663 veritatis
1469 1634 1554 1661 esse
1580 1629 1733 1676 potest,
1761 1622 1832 1663 sed
1858 1623 1941 1663 sola
1966 1623 2055 1675 illa,
2078 1626 2109 1664 si
2130 1639 2221 1680 quae

496 1708 593 1735 vera
617 1701 691 1733 est.
726 1693 905 1742 Iterum,
936 1692 1131 1747 quoniam
1164 1689 1279 1730 nulla
1307 1690 1526 1729 Phantasia
1554 1698 1616 1730 est
1643 1690 1743 1731 adeo
1772 1706 1888 1743 vera,
1917 1700 2065 1733 utnon
2094 1697 2217 1749 possit

497 1776 581 1802 esse
610 1761 731 1812 falsa,
773 1768 815 1801 et
848 1759 1043 1811 cuilibet,
1081 1773 1173 1814 quae
1210 1758 1376 1800 videtur
1413 1772 1498 1798 esse
1532 1772 1649 1809 vera,
1690 1760 1900 1800 invenitur
1939 1760 2075 1816 aliqua
2120 1762 2220 1803 falsa

496 1830 637 1870 similis
656 1830 736 1884 (3),
765 1830 978 1869 criterium
1000 1829 1080 1867 erit
1104 1828 1148 1866 in
1171 1826 1389 1866 Phantasia
1409 1827 1619 1866 communi
1644 1829 1729 1867 veri
1751 1835 1792 1867 et
1813 1827 1926 1880 falsi,
1953 1831 2068 1884 atqui
2093 1830 2220 1887 hujus

497 1900 656 1955 generis
683 1897 900 1938 Phantasia
932 1910 1016 1936 non
1044 1893 1353 1950 comprehendit
1381 1907 1444 1934 res
1454 1924 1465 1944 ,
1496 1901 1543 1934 ut
1577 1903 1696 1947 sunt3
1731 1909 1829 1952 ergo
1857 1896 1972 1938 nulla
2001 1898 2218 1939 Phantasia

573 2070 630 2106 (1)
650 2069 714 2098 Cic.
737 2068 858 2097 Acadd.
886 2070 935 2101 11,
959 2068 987 2095 6.
1015 2077 1046 2105 p.
1068 2077 1117 2105 90.

574 2121 631 2160 (2)
652 2119 855 2149 Phantasiam
880 2119 938 2148 hoc
962 2118 1055 2147 modo
1076 2117 1186 2148 definit
1208 2118 1404 2158 Chrysippus
1424 2119 1508 2159 apud
1530 2119 1734 2148 Plutarchum
1755 2119 1791 2149 de
1810 2119 1922 2150 Placit.
1943 2121 2064 2151 Philos.
2081 2122 2138 2152 lib.
2162 2122 2220 2154 IV.

496 2184 528 2213 p.
552 2183 620 2212 900.
641 2172 680 2201 D.
709 2169 870 2203 maurae-la
896 2171 962 2202 ε’σ-τι
988 2169 1089 2204 πάθος
1114 2171 1141 2201 ε’,
1161 2185 1197 2213 τῃ
1219 2169 1314 2215 ψυχῇ
1336 2170 1508 2212 vivificent,
1535 2167 1755 2211 ἐνέεικνᾶμενω
1780 2170 1877 2213 iam-33
1892 2171 1947 2204 κει)
1963 2172 1997 2204 τὲ
2014 2174 2187 2210 πετοιηιιός.

573 2224 631 2261 (3)
652 2223 719 2251 Hoc
741 2223 808 2251 loco
829 2221 990 2261 profligare
1013 2227 1143 2250 conatur
1176 2220 1311 2250 Stoicam
1333 2221 1511 2251 Phantasiae
1533 2223 1756 2252 definitionem.
1790 2224 1883 2262 Quod
1904 2230 1939 2253 ut
1963 2225 2075 2254 melius
2098 2227 2223 2256 inteni-

497 2279 604 2314 gatur‚
636 2273 687 2303 hic
718 2274 922 2312 adponendus
950 2279 994 2302 est
1016 2273 1093 2302 alter
1124 2272 1210 2302 Sexti
1234 2272 1319 2302 locus
1345 2274 1367 2302 Ι.
1393 2284 1419 2303 c.
1439 2274 1455 2312 §
1476 2275 1542 2303 402.
1569 2270 1626 2304 ‘'Hr
1649 2272 1709 2314 γιὶρ
1729 2273 1943 2311 »arama-rm»)
1971 2275 2146 2316 φαντινίαι,
2170 2276 2224 2309 ‘a‘vae

497 2339 546 2358 τις
562 2324 623 2356 iro*
645 2323 755 2360 ταύτης
777 2322 926 2363 ἔρχηται,
947 2324 963 2359 η’
981 2323 1041 2355 ain-3
1068 2322 1271 2364 ἆπάρχοιτος,
1296 2324 1352 2356 ιιι)
1374 2326 1441 2357 κατ’
1458 2325 1531 2357 adv-3
1552 2325 1586 2357 rei
1605 2324 1739 2365 ἐπάρχου
1766 2326 2046 2366 ἐναπομεμαγμένη
2077 2328 2133 2360 καὶ
2158 2329 2224 2361 t'rae-

496 2376 772 2419 πετφρειγισ-μίνη,
800 2375 891 2409 ἐποίει
918 2378 969 2409 ουίι
998 2376 1032 2409 32·
1057 2375 1173 2415 ’γένοιτο
1198 2377 1259 2410 οἰκ-ὲ
1281 2377 1325 2418 μοὶ
1343 2377 1537 2419 ἐπάρχοντος.
1570 2375 1686 2409 Τούτου
1711 2374 1746 2408 δὲ
1767 2375 1807 2409 τὲ
1830 2376 1887 2418 μὲν
1909 2376 1993 2410 ἅλλα,
2016 2378 2163 2418 λέγον-ιν
2192 2383 2222 2414 οἱ

496 2429 568 2470 περὶ
589 2429 638 2461 τὶν
658 2426 827 2470 Καρνεάδην
851 2428 1062 2468 συγχωρῆτευ
1084 2430 1150 2462 τοῖς
1166 2428 1226 2460 ain-3
1241 2430 1293 2464 τἰἶς
1310 2430 1423 2468 troie,
1448 2429 1482 2461 ro*
1498 2427 1532 2461 δὲ
1547 2428 1599 2461 o'a'ae
1616 2429 1667 2460 ουίι
1685 2427 1720 2460 ἓν
1737 2428 1855 2466 γένοιτο
1876 2429 1937 2461 clv-o*
1954 2430 1998 2470 μὴ
2017 2431 2221 2472 drobnan-05,

499 2480 717 2522 οἱσυγχῶρητυ
744 2478 833 2513 εἶναι’
850 2479 988 2519 ’γῖνοντειι
1011 2479 1072 2520 walp
1086 2480 1140 2513 nat*
1161 2480 1220 2512 oin-3
1243 2479 1286 2520 μῆ
1312 2479 1505 2521 ν’πιιρχέντυι
1535 2479 1722 2521 Qatnu-iat,
1748 2481 1785 2514 αἶς
1809 2480 1870 2513 εἰπὲ
1891 2482 2096 2522 ὀπιρχὸντυι.
2120 2483 2222 2514 conff-

500 2534 564 2564 Cic.
584 2533 705 2563 Acadd.
728 2535 780 2570 11,
805 2543 833 2572 9.
855 2543 885 2572 p.
909 2534 966 2562 103
986 2538 1016 2562 et
1037 2540 1082 2568 14.
1104 2542 1135 2572 p.
1166 2542 1236 2569 122,
1259 2537 1290 2561 et
1307 2531 1483 2562 Numenius
1500 2533 1583 2572 apud
1602 2533 1711 2562 Euseb.
1730 2532 1900 2574 Praeparat.
1921 2534 2041 2576 Evang.
2057 2535 2112 2565 lib.
2130 2535 2221 2566 XIV.

499 2596 531 2624 p.
555 2586 621 2625 738.
646 2586 683 2616 Β.
