<?xml version="1.0" encoding="UTF-8"?>
<!DOCTYPE html PUBLIC "-//W3C//DTD XHTML 1.0 Transitional//EN"
    "http://www.w3.org/TR/xhtml1/DTD/xhtml1-transitional.dtd">
<html xmlns="http://www.w3.org/1999/xhtml" xml:lang="en" lang="en">
 <head>
  <title>
</title>
<meta http-equiv="Content-Type" content="text/html;charset=utf-8" />
  <meta name='ocr-system' content='tesseract 3.04.00' />
  <meta name='ocr-capabilities' content='ocr_page ocr_carea ocr_par ocr_line ocrx_word'/>
</head>
<body>
  <div class='ocr_page' id='page_1' title='image "4774699_0046.png"; bbox 0 0 2743 3301; ppageno 0'>
   <div class='ocr_carea' id='block_1_1' title="bbox 312 289 2078 1527">
    <p class='ocr_par' dir='ltr' id='par_1_1' title="bbox 312 289 2078 1527">
     <span class='ocr_line' id='line_1_1' title="bbox 1145 289 1297 344; baseline 0.013 -2"><span class='ocrx_word' id='word_1_1' title='bbox 1145 289 1167 342; x_wconf 93' lang='lat'>(</span> <span class='ocrx_word' id='word_1_2' title='bbox 1198 303 1248 344; x_wconf 75' lang='lat'>29</span> <span class='ocrx_word' id='word_1_3' title='bbox 1277 289 1297 344; x_wconf 88' lang='lat'>)</span> 
     </span>
     <span class='ocr_line' id='line_1_2' title="bbox 367 382 2074 437; baseline 0.001 -12"><span class='ocrx_word' id='word_1_4' title='bbox 367 387 609 437; x_wconf 85' lang='lat' dir='ltr'>Phantasia,</span> <span class='ocrx_word' id='word_1_5' title='bbox 638 384 707 425; x_wconf 87' lang='lat' dir='ltr'>sed</span> <span class='ocrx_word' id='word_1_6' title='bbox 737 390 890 424; x_wconf 87' lang='lat' dir='ltr'>catenae</span> <span class='ocrx_word' id='word_1_7' title='bbox 917 384 1043 423; x_wconf 79' lang='lat' dir='ltr'>instar</span> <span class='ocrx_word' id='word_1_8' title='bbox 1069 382 1193 422; x_wconf 89' lang='lat' dir='ltr'>altera</span> <span class='ocrx_word' id='word_1_9' title='bbox 1226 382 1379 437; x_wconf 86' lang='lat' dir='ltr'><strong>pendet</strong></span> <span class='ocrx_word' id='word_1_10' title='bbox 1408 398 1458 423; x_wconf 84' lang='lat' dir='ltr'>ex</span> <span class='ocrx_word' id='word_1_11' title='bbox 1486 385 1629 431; x_wconf 85' lang='lat' dir='ltr'>altera,</span> <span class='ocrx_word' id='word_1_12' title='bbox 1662 385 1891 426; x_wconf 83' lang='lat' dir='ltr'>secundum</span> <span class='ocrx_word' id='word_1_13' title='bbox 1920 389 2074 428; x_wconf 87' lang='lat' dir='ltr'>accedit</span> 
     </span>
     <span class='ocr_line' id='line_1_3' title="bbox 366 448 2078 507; baseline 0.001 -14"><span class='ocrx_word' id='word_1_14' title='bbox 366 455 600 504; x_wconf 75' lang='lat' dir='ltr'>criterium,</span> <span class='ocrx_word' id='word_1_15' title='bbox 628 461 676 492; x_wconf 82' lang='lat' dir='ltr'>ut</span> <span class='ocrx_word' id='word_1_16' title='bbox 696 452 941 506; x_wconf 80' lang='lat' dir='ltr'>probabilis</span> <span class='ocrx_word' id='word_1_17' title='bbox 964 450 1100 489; x_wconf 77' lang='lat' dir='ltr'>simul</span> <span class='ocrx_word' id='word_1_18' title='bbox 1121 451 1183 489; x_wconf 76' lang='lat' dir='ltr'>sit</span> <span class='ocrx_word' id='word_1_19' title='bbox 1207 448 1481 498; x_wconf 80' lang='lat' dir='ltr'>Phantasia,</span> <span class='ocrx_word' id='word_1_20' title='bbox 1509 460 1552 491; x_wconf 84' lang='lat' dir='ltr'>et</span> <span class='ocrx_word' id='word_1_21' title='bbox 1576 467 1687 506; x_wconf 79' lang='lat' dir='ltr'>quae</span> <span class='ocrx_word' id='word_1_22' title='bbox 1708 469 1791 493; x_wconf 85' lang='lat' dir='ltr'>non</span> <span class='ocrx_word' id='word_1_23' title='bbox 1817 456 2078 507; x_wconf 80' lang='lat' dir='ltr'><em>impediatur</em></span> 
     </span>
     <span class='ocr_line' id='line_1_4' title="bbox 366 517 2075 577; baseline -0.001 -14"><span class='ocrx_word' id='word_1_24' title='bbox 366 521 536 573; x_wconf 67' lang='grc' dir='ltr'>(πιθανὴ</span> <span class='ocrx_word' id='word_1_25' title='bbox 560 520 652 576; x_wconf 65' lang='grc' dir='ltr'>ἅμα</span> <span class='ocrx_word' id='word_1_26' title='bbox 679 523 745 562; x_wconf 68' lang='grc' dir='ltr'>καὶ</span> <span class='ocrx_word' id='word_1_27' title='bbox 776 520 1087 573; x_wconf 49' lang='lat' dir='ltr'>&amp;spicoma-roc</span> <span class='ocrx_word' id='word_1_28' title='bbox 1114 518 1351 572; x_wconf 73' lang='grc' dir='ltr'>Φαντασία)</span> <span class='ocrx_word' id='word_1_29' title='bbox 1376 517 1448 571; x_wconf 91' lang='grc'>(1).</span> <span class='ocrx_word' id='word_1_30' title='bbox 1482 519 1546 558; x_wconf 83' lang='lat' dir='ltr'>Fit</span> <span class='ocrx_word' id='word_1_31' title='bbox 1571 520 1709 574; x_wconf 88' lang='lat' dir='ltr'>itaque</span> <span class='ocrx_word' id='word_1_32' title='bbox 1734 521 1935 577; x_wconf 86' lang='lat' dir='ltr'>judicium</span> <span class='ocrx_word' id='word_1_33' title='bbox 1964 524 2075 562; x_wconf 83' lang='lat' dir='ltr'>veri-</span> 
     </span>
     <span class='ocr_line' id='line_1_5' title="bbox 312 586 2072 640; baseline 0 -9"><span class='ocrx_word' id='word_1_34' title='bbox 312 620 315 622; x_wconf 85' lang='lat'>·</span> <span class='ocrx_word' id='word_1_35' title='bbox 368 593 459 630; x_wconf 79' lang='lat' dir='ltr'>tatis</span> <span class='ocrx_word' id='word_1_36' title='bbox 491 603 544 630; x_wconf 88' lang='lat' dir='ltr'>ex·</span> <span class='ocrx_word' id='word_1_37' title='bbox 576 590 888 630; x_wconf 83' lang='lat' dir='ltr'>Phantasiarum</span> <span class='ocrx_word' id='word_1_38' title='bbox 916 600 1139 636; x_wconf 81' lang='lat' dir='ltr'>concursu,</span> <span class='ocrx_word' id='word_1_39' title='bbox 1172 600 1267 625; x_wconf 90' lang='lat' dir='ltr'>cum</span> <span class='ocrx_word' id='word_1_40' title='bbox 1298 600 1371 640; x_wconf 87' lang='lat' dir='ltr'>per</span> <span class='ocrx_word' id='word_1_41' title='bbox 1404 586 1567 626; x_wconf 85' lang='lat' dir='ltr'>nullum</span> <span class='ocrx_word' id='word_1_42' title='bbox 1599 601 1739 627; x_wconf 89' lang='lat' dir='ltr'>earum</span> <span class='ocrx_word' id='word_1_43' title='bbox 1776 590 1897 630; x_wconf 90' lang='lat' dir='ltr'>bomo</span> <span class='ocrx_word' id='word_1_44' title='bbox 1924 591 2072 632; x_wconf 78' lang='lat' dir='ltr'>distra-</span> 
     </span>
     <span class='ocr_line' id='line_1_6' title="bbox 366 653 2071 712; baseline 0.001 -14"><span class='ocrx_word' id='word_1_45' title='bbox 366 658 500 708; x_wconf 89' lang='lat' dir='ltr'>hitur,</span> <span class='ocrx_word' id='word_1_46' title='bbox 533 665 582 697; x_wconf 86' lang='lat' dir='ltr'>ut</span> <span class='ocrx_word' id='word_1_47' title='bbox 608 656 756 696; x_wconf 86' lang='lat' dir='ltr'>falsum</span> <span class='ocrx_word' id='word_1_48' title='bbox 789 670 831 695; x_wconf 91' lang='lat' dir='ltr'>se</span> <span class='ocrx_word' id='word_1_49' title='bbox 861 662 980 709; x_wconf 86' lang='lat' dir='ltr'>putet</span> <span class='ocrx_word' id='word_1_50' title='bbox 1008 654 1222 708; x_wconf 87' lang='lat' dir='ltr'>imaginari</span> <span class='ocrx_word' id='word_1_51' title='bbox 1249 653 1321 708; x_wconf 78' lang='lat'>(2).</span> <span class='ocrx_word' id='word_1_52' title='bbox 1360 654 1485 694; x_wconf 89' lang='lat' dir='ltr'>Porro</span> <span class='ocrx_word' id='word_1_53' title='bbox 1517 655 1754 706; x_wconf 85' lang='lat' dir='ltr'>Phantasia,</span> <span class='ocrx_word' id='word_1_54' title='bbox 1775 672 1866 712; x_wconf 82' lang='lat' dir='ltr'>quae</span> <span class='ocrx_word' id='word_1_55' title='bbox 1886 659 1999 699; x_wconf 86' lang='lat' dir='ltr'>nulla</span> <span class='ocrx_word' id='word_1_56' title='bbox 2026 674 2071 700; x_wconf 86' lang='lat' dir='ltr'>re</span> 
     </span>
     <span class='ocr_line' id='line_1_7' title="bbox 365 722 2069 781; baseline 0.002 -17"><span class='ocrx_word' id='word_1_57' title='bbox 365 725 624 773; x_wconf 78' lang='lat' dir='ltr'>distrahitur,</span> <span class='ocrx_word' id='word_1_58' title='bbox 656 723 777 762; x_wconf 85' lang='lat' dir='ltr'>latius</span> <span class='ocrx_word' id='word_1_59' title='bbox 806 731 918 776; x_wconf 82' lang='lat' dir='ltr'>patet</span> <span class='ocrx_word' id='word_1_60' title='bbox 948 722 1015 765; x_wconf 63' lang='grc' dir='ltr'>διὰ</span> <span class='ocrx_word' id='word_1_61' title='bbox 1041 725 1087 765; x_wconf 74' lang='grc' dir='ltr'>’τὸ</span> <span class='ocrx_word' id='word_1_62' title='bbox 1106 726 1231 772; x_wconf 73' lang='grc' dir='ltr'><strong><em>ἄλλην</em></strong></span> <span class='ocrx_word' id='word_1_63' title='bbox 1263 725 1388 772; x_wconf 68' lang='grc' dir='ltr'><em>ἄλλης</em></span> <span class='ocrx_word' id='word_1_64' title='bbox 1417 728 1576 776; x_wconf 69' lang='grc' dir='ltr'><em>μᾶλλον</em></span> <span class='ocrx_word' id='word_1_65' title='bbox 1606 725 1913 778; x_wconf 68' lang='grc' dir='ltr'>ἀπερίσπαστον</span> <span class='ocrx_word' id='word_1_66' title='bbox 1942 731 2069 781; x_wconf 77' lang='grc' dir='ltr'><em>εὑρίσ-</em></span> 
     </span>
     <span class='ocr_line' id='line_1_8' title="bbox 364 789 2069 848; baseline -0.001 -12"><span class='ocrx_word' id='word_1_67' title='bbox 364 793 510 836; x_wconf 77' lang='grc' dir='ltr'><strong><em>κεσθαι.</em></strong></span> <span class='ocrx_word' id='word_1_68' title='bbox 541 793 694 832; x_wconf 85' lang='lat' dir='ltr'>Earum</span> <span class='ocrx_word' id='word_1_69' title='bbox 716 806 811 833; x_wconf 84' lang='lat' dir='ltr'>vero</span> <span class='ocrx_word' id='word_1_70' title='bbox 831 791 899 831; x_wconf 87' lang='lat' dir='ltr'>illa</span> <span class='ocrx_word' id='word_1_71' title='bbox 931 792 1153 847; x_wconf 81' lang='lat' dir='ltr'>perfectior</span> <span class='ocrx_word' id='word_1_72' title='bbox 1184 798 1226 830; x_wconf 88' lang='lat' dir='ltr'>et</span> <span class='ocrx_word' id='word_1_73' title='bbox 1260 790 1310 830; x_wconf 87' lang='lat' dir='ltr'>ad</span> <span class='ocrx_word' id='word_1_74' title='bbox 1338 789 1539 846; x_wconf 87' lang='lat' dir='ltr'>judicium</span> <span class='ocrx_word' id='word_1_75' title='bbox 1570 791 1807 832; x_wconf 89' lang='lat' dir='ltr'>faciendum</span> <span class='ocrx_word' id='word_1_76' title='bbox 1841 795 1967 848; x_wconf 81' lang='lat' dir='ltr'>magis</span> <span class='ocrx_word' id='word_1_77' title='bbox 1992 795 2069 835; x_wconf 79' lang='lat' dir='ltr'>fide</span> 
     </span>
     <span class='ocr_line' id='line_1_9' title="bbox 364 859 2070 917; baseline 0.001 -16"><span class='ocrx_word' id='word_1_78' title='bbox 364 862 506 917; x_wconf 86' lang='lat' dir='ltr'>digna,</span> <span class='ocrx_word' id='word_1_79' title='bbox 539 875 651 914; x_wconf 82' lang='lat' dir='ltr'>quae</span> <span class='ocrx_word' id='word_1_80' title='bbox 669 868 897 913; x_wconf 84' lang='lat' dir='ltr'>praeterea</span> <span class='ocrx_word' id='word_1_81' title='bbox 927 859 1046 912; x_wconf 78' lang='lat' dir='ltr'>quod</span> <span class='ocrx_word' id='word_1_82' title='bbox 1074 861 1119 897; x_wconf 87' lang='lat' dir='ltr'>in</span> <span class='ocrx_word' id='word_1_83' title='bbox 1146 859 1362 897; x_wconf 74' lang='lat' dir='ltr'>diversum</span> <span class='ocrx_word' id='word_1_84' title='bbox 1389 873 1471 896; x_wconf 85' lang='lat' dir='ltr'>non</span> <span class='ocrx_word' id='word_1_85' title='bbox 1504 859 1783 908; x_wconf 77' lang='lat' dir='ltr'>distrahitur,</span> <span class='ocrx_word' id='word_1_86' title='bbox 1810 870 1876 900; x_wconf 82' lang='lat' dir='ltr'>est</span> <span class='ocrx_word' id='word_1_87' title='bbox 1901 877 2070 917; x_wconf 79' lang='lat' dir='ltr'>quoque</span> 
     </span>
     <span class='ocr_line' id='line_1_10' title="bbox 353 924 2067 982; baseline 0.002 -13"><span class='ocrx_word' id='word_1_88' title='bbox 353 944 438 982; x_wconf 83' lang='lat' dir='ltr'>per</span> <span class='ocrx_word' id='word_1_89' title='bbox 459 929 659 968; x_wconf 76' lang='lat' dir='ltr'>diversas</span> <span class='ocrx_word' id='word_1_90' title='bbox 691 934 840 980; x_wconf 79' lang='lat' dir='ltr'>partes</span> <span class='ocrx_word' id='word_1_91' title='bbox 873 926 1123 965; x_wconf 81' lang='lat' dir='ltr'>examinata</span> <span class='ocrx_word' id='word_1_92' title='bbox 1155 924 1238 978; x_wconf 82' lang='lat'>(3),</span> <span class='ocrx_word' id='word_1_93' title='bbox 1273 924 1322 977; x_wconf 71' lang='grc' dir='ltr'>(ἥ</span> <span class='ocrx_word' id='word_1_94' title='bbox 1346 926 1419 968; x_wconf 68' lang='grc' dir='ltr'>σὸν</span> <span class='ocrx_word' id='word_1_95' title='bbox 1447 927 1503 981; x_wconf 82' lang='grc' dir='ltr'>τῷ</span> <span class='ocrx_word' id='word_1_96' title='bbox 1530 926 1839 982; x_wconf 71' lang='grc' dir='ltr'>ἀπερίσπαστσς</span> <span class='ocrx_word' id='word_1_97' title='bbox 1863 928 1983 981; x_wconf 72' lang='grc' dir='ltr'><em>εἶναι,</em></span> <span class='ocrx_word' id='word_1_98' title='bbox 2011 933 2067 973; x_wconf 81' lang='grc' dir='ltr'>’ἐτι</span> 
     </span>
     <span class='ocr_line' id='line_1_11' title="bbox 363 992 2067 1049; baseline -0.001 -9"><span class='ocrx_word' id='word_1_99' title='bbox 363 994 738 1049; x_wconf 50' lang='grc' dir='ltr'>κοιῖὃιεξωδευμένη</span> <span class='ocrx_word' id='word_1_100' title='bbox 771 994 1001 1044; x_wconf 73' lang='grc' dir='ltr'><strong><em>καθέστηκε.</em></strong></span> <span class='ocrx_word' id='word_1_101' title='bbox 1041 993 1120 1033; x_wconf 87' lang='lat' dir='ltr'>Sed</span> <span class='ocrx_word' id='word_1_102' title='bbox 1154 992 1434 1047; x_wconf 69' lang='grc' dir='ltr'><em>διεξωδευμένη</em></span> <span class='ocrx_word' id='word_1_103' title='bbox 1472 995 1686 1035; x_wconf 75' lang='lat' dir='ltr'>phantasia</span> <span class='ocrx_word' id='word_1_104' title='bbox 1727 996 1777 1036; x_wconf 88' lang='lat' dir='ltr'>ab</span> <span class='ocrx_word' id='word_1_105' title='bbox 1817 1011 1862 1036; x_wconf 88' lang='lat' dir='ltr'>ea</span> <span class='ocrx_word' id='word_1_106' title='bbox 1906 998 2067 1044; x_wconf 80' lang='lat' dir='ltr'>differt,</span> 
     </span>
     <span class='ocr_line' id='line_1_12' title="bbox 361 1060 2065 1121; baseline 0.001 -15"><span class='ocrx_word' id='word_1_107' title='bbox 361 1080 453 1121; x_wconf 84' lang='lat' dir='ltr'>quae</span> <span class='ocrx_word' id='word_1_108' title='bbox 479 1065 787 1121; x_wconf 72' lang='grc' dir='ltr'>ἀπερίσπαστος</span> <span class='ocrx_word' id='word_1_109' title='bbox 819 1069 1008 1112; x_wconf 83' lang='lat' dir='ltr'>vocatur,</span> <span class='ocrx_word' id='word_1_110' title='bbox 1038 1075 1087 1101; x_wconf 92' lang='lat' dir='ltr'>eo</span> <span class='ocrx_word' id='word_1_111' title='bbox 1117 1060 1228 1116; x_wconf 87' lang='lat' dir='ltr'>quod</span> <span class='ocrx_word' id='word_1_112' title='bbox 1256 1061 1300 1100; x_wconf 91' lang='lat' dir='ltr'>in</span> <span class='ocrx_word' id='word_1_113' title='bbox 1330 1061 1406 1101; x_wconf 80' lang='lat' dir='ltr'>hac</span> <span class='ocrx_word' id='word_1_114' title='bbox 1436 1069 1597 1102; x_wconf 83' lang='lat' dir='ltr'>tantum</span> <span class='ocrx_word' id='word_1_115' title='bbox 1630 1065 1846 1117; x_wconf 85' lang='lat' dir='ltr'>quaeritur,</span> <span class='ocrx_word' id='word_1_116' title='bbox 1874 1074 1921 1105; x_wconf 86' lang='lat' dir='ltr'>ut</span> <span class='ocrx_word' id='word_1_117' title='bbox 1952 1067 2065 1107; x_wconf 84' lang='lat' dir='ltr'>nulla</span> 
     </span>
     <span class='ocr_line' id='line_1_13' title="bbox 361 1130 2063 1187; baseline -0.001 -13"><span class='ocrx_word' id='word_1_118' title='bbox 361 1149 411 1175; x_wconf 82' lang='lat' dir='ltr'>ex</span> <span class='ocrx_word' id='word_1_119' title='bbox 439 1135 510 1183; x_wconf 91' lang='lat' dir='ltr'>iis,</span> <span class='ocrx_word' id='word_1_120' title='bbox 544 1147 637 1187; x_wconf 87' lang='lat' dir='ltr'>quae</span> <span class='ocrx_word' id='word_1_121' title='bbox 668 1138 765 1172; x_wconf 88' lang='lat' dir='ltr'>sunt</span> <span class='ocrx_word' id='word_1_122' title='bbox 796 1131 839 1170; x_wconf 92' lang='lat' dir='ltr'>in</span> <span class='ocrx_word' id='word_1_123' title='bbox 866 1144 1069 1170; x_wconf 81' lang='lat' dir='ltr'>concursu</span> <span class='ocrx_word' id='word_1_124' title='bbox 1099 1130 1350 1179; x_wconf 87' lang='lat' dir='ltr'>Phantasiis,</span> <span class='ocrx_word' id='word_1_125' title='bbox 1386 1137 1582 1184; x_wconf 85' lang='lat' dir='ltr'>tanquam</span> <span class='ocrx_word' id='word_1_126' title='bbox 1611 1130 1707 1171; x_wconf 84' lang='lat' dir='ltr'>falsa</span> <span class='ocrx_word' id='word_1_127' title='bbox 1738 1147 1810 1171; x_wconf 90' lang='lat' dir='ltr'>nos</span> <span class='ocrx_word' id='word_1_128' title='bbox 1845 1133 2063 1184; x_wconf 81' lang='lat' dir='ltr'>distrahat,</span> 
     </span>
     <span class='ocr_line' id='line_1_14' title="bbox 360 1197 2065 1253; baseline -0.001 -12"><span class='ocrx_word' id='word_1_129' title='bbox 360 1216 500 1244; x_wconf 85' lang='lat' dir='ltr'>omnes</span> <span class='ocrx_word' id='word_1_130' title='bbox 539 1207 676 1239; x_wconf 88' lang='lat' dir='ltr'>autem</span> <span class='ocrx_word' id='word_1_131' title='bbox 707 1199 812 1248; x_wconf 85' lang='lat' dir='ltr'>sint,</span> <span class='ocrx_word' id='word_1_132' title='bbox 853 1212 946 1252; x_wconf 86' lang='lat' dir='ltr'>quae</span> <span class='ocrx_word' id='word_1_133' title='bbox 983 1206 1025 1237; x_wconf 84' lang='lat' dir='ltr'>et</span> <span class='ocrx_word' id='word_1_134' title='bbox 1056 1197 1272 1238; x_wconf 87' lang='lat' dir='ltr'>videantur</span> <span class='ocrx_word' id='word_1_135' title='bbox 1304 1211 1389 1236; x_wconf 87' lang='lat' dir='ltr'>esse</span> <span class='ocrx_word' id='word_1_136' title='bbox 1422 1209 1527 1237; x_wconf 83' lang='lat' dir='ltr'>verae</span> <span class='ocrx_word' id='word_1_137' title='bbox 1564 1206 1604 1236; x_wconf 82' lang='lat' dir='ltr'>et</span> <span class='ocrx_word' id='word_1_138' title='bbox 1633 1213 1715 1237; x_wconf 85' lang='lat' dir='ltr'>non</span> <span class='ocrx_word' id='word_1_139' title='bbox 1750 1200 2065 1253; x_wconf 83' lang='lat' dir='ltr'>improbabiles:</span> 
     </span>
     <span class='ocr_line' id='line_1_15' title="bbox 360 1265 2065 1323; baseline 0 -14"><span class='ocrx_word' id='word_1_140' title='bbox 360 1270 403 1309; x_wconf 92' lang='lat' dir='ltr'>in</span> <span class='ocrx_word' id='word_1_141' title='bbox 416 1268 484 1309; x_wconf 89' lang='lat' dir='ltr'>illa</span> <span class='ocrx_word' id='word_1_142' title='bbox 506 1282 601 1309; x_wconf 89' lang='lat' dir='ltr'>vero</span> <span class='ocrx_word' id='word_1_143' title='bbox 626 1266 845 1307; x_wconf 82' lang='lat' dir='ltr'>examinati</span> <span class='ocrx_word' id='word_1_144' title='bbox 873 1279 1112 1315; x_wconf 83' lang='lat' dir='ltr'>concursus,</span> <span class='ocrx_word' id='word_1_145' title='bbox 1137 1272 1292 1305; x_wconf 83' lang='lat' dir='ltr'>attente</span> <span class='ocrx_word' id='word_1_146' title='bbox 1319 1265 1620 1306; x_wconf 83' lang='lat' dir='ltr'>consideramus</span> <span class='ocrx_word' id='word_1_147' title='bbox 1643 1268 1765 1306; x_wconf 87' lang='lat' dir='ltr'>etiam</span> <span class='ocrx_word' id='word_1_148' title='bbox 1788 1283 2065 1323; x_wconf 88' lang='lat' dir='ltr'>unamquam—</span> 
     </span>
     <span class='ocr_line' id='line_1_16' title="bbox 358 1333 2062 1392; baseline -0.001 -15"><span class='ocrx_word' id='word_1_149' title='bbox 358 1350 440 1392; x_wconf 90' lang='lat' dir='ltr'>que</span> <span class='ocrx_word' id='word_1_150' title='bbox 474 1336 808 1376; x_wconf 84' lang='lat' dir='ltr'>concurrentium</span> <span class='ocrx_word' id='word_1_151' title='bbox 839 1334 1151 1373; x_wconf 86' lang='lat' dir='ltr'>Phantasiarum</span> <span class='ocrx_word' id='word_1_152' title='bbox 1172 1334 1247 1387; x_wconf 75' lang='grc'>(4).</span> <span class='ocrx_word' id='word_1_153' title='bbox 1278 1334 1319 1372; x_wconf 89' lang='lat' dir='ltr'>Si</span> <span class='ocrx_word' id='word_1_154' title='bbox 1351 1333 1438 1373; x_wconf 87' lang='lat' dir='ltr'>haec</span> <span class='ocrx_word' id='word_1_155' title='bbox 1468 1334 1593 1388; x_wconf 86' lang='lat' dir='ltr'>igitur</span> <span class='ocrx_word' id='word_1_156' title='bbox 1618 1336 1659 1372; x_wconf 88' lang='lat' dir='ltr'>in</span> <span class='ocrx_word' id='word_1_157' title='bbox 1694 1350 1778 1374; x_wconf 91' lang='lat' dir='ltr'>uno</span> <span class='ocrx_word' id='word_1_158' title='bbox 1802 1338 1881 1375; x_wconf 84' lang='lat' dir='ltr'>sint</span> <span class='ocrx_word' id='word_1_159' title='bbox 1906 1339 2062 1388; x_wconf 82' lang='lat' dir='ltr'>onmia,</span> 
     </span>
     <span class='ocr_line' id='line_1_17' title="bbox 358 1400 2062 1458; baseline 0.001 -14"><span class='ocrx_word' id='word_1_160' title='bbox 358 1405 567 1445; x_wconf 87' lang='lat' dir='ltr'>criterium</span> <span class='ocrx_word' id='word_1_161' title='bbox 597 1403 792 1443; x_wconf 88' lang='lat' dir='ltr'>habemus</span> <span class='ocrx_word' id='word_1_162' title='bbox 820 1402 1080 1441; x_wconf 88' lang='lat' dir='ltr'>Phantasiam</span> <span class='ocrx_word' id='word_1_163' title='bbox 1109 1400 1359 1454; x_wconf 90' lang='lat' dir='ltr'>probabilem</span> <span class='ocrx_word' id='word_1_164' title='bbox 1376 1431 1387 1450; x_wconf 91' lang='lat'>,</span> <span class='ocrx_word' id='word_1_165' title='bbox 1420 1409 1463 1440; x_wconf 85' lang='lat' dir='ltr'>et</span> <span class='ocrx_word' id='word_1_166' title='bbox 1484 1401 1733 1454; x_wconf 85' lang='lat' dir='ltr'>probabilem</span> <span class='ocrx_word' id='word_1_167' title='bbox 1757 1403 1879 1442; x_wconf 86' lang='lat' dir='ltr'>simul</span> <span class='ocrx_word' id='word_1_168' title='bbox 1905 1413 1946 1443; x_wconf 89' lang='lat' dir='ltr'>et</span> <span class='ocrx_word' id='word_1_169' title='bbox 1970 1419 2062 1458; x_wconf 83' lang='lat' dir='ltr'>quae</span> 
     </span>
     <span class='ocr_line' id='line_1_18' title="bbox 356 1467 2061 1527; baseline -0.001 -14"><span class='ocrx_word' id='word_1_170' title='bbox 356 1487 439 1513; x_wconf 91' lang='lat' dir='ltr'>non</span> <span class='ocrx_word' id='word_1_171' title='bbox 471 1471 738 1527; x_wconf 84' lang='lat' dir='ltr'>impediatur,</span> <span class='ocrx_word' id='word_1_172' title='bbox 773 1477 815 1510; x_wconf 86' lang='lat' dir='ltr'>et</span> <span class='ocrx_word' id='word_1_173' title='bbox 837 1468 1087 1525; x_wconf 87' lang='lat' dir='ltr'>probabilem</span> <span class='ocrx_word' id='word_1_174' title='bbox 1117 1482 1209 1524; x_wconf 88' lang='lat' dir='ltr'>quae</span> <span class='ocrx_word' id='word_1_175' title='bbox 1235 1482 1317 1508; x_wconf 89' lang='lat' dir='ltr'>non</span> <span class='ocrx_word' id='word_1_176' title='bbox 1352 1467 1598 1523; x_wconf 86' lang='lat' dir='ltr'>impediatur</span> <span class='ocrx_word' id='word_1_177' title='bbox 1622 1476 1664 1508; x_wconf 85' lang='lat' dir='ltr'>et</span> <span class='ocrx_word' id='word_1_178' title='bbox 1690 1483 1763 1524; x_wconf 90' lang='lat' dir='ltr'>per</span> <span class='ocrx_word' id='word_1_179' title='bbox 1794 1479 1928 1525; x_wconf 89' lang='lat' dir='ltr'>partes</span> <span class='ocrx_word' id='word_1_180' title='bbox 1961 1485 2061 1511; x_wconf 73' lang='lat' dir='ltr'>exa—</span> 
     </span>
    </p>
   </div>
   <div class='ocr_carea' id='block_1_2' title="bbox 356 1540 655 1593">
    <p class='ocr_par' dir='ltr' id='par_1_2' title="bbox 356 1540 655 1593">
     <span class='ocr_line' id='line_1_19' title="bbox 356 1540 655 1593; baseline -0.01 -12"><span class='ocrx_word' id='word_1_181' title='bbox 356 1542 553 1581; x_wconf 83' lang='lat' dir='ltr'>minatam</span> <span class='ocrx_word' id='word_1_182' title='bbox 582 1540 655 1593; x_wconf 87' lang='lat'><strong>(5).</strong></span> 
     </span>
    </p>
   </div>
   <div class='ocr_carea' id='block_1_3' title="bbox 0 0 341 1670">
    <p class='ocr_par' dir='ltr' id='par_1_3' title="bbox 0 0 341 1670">
     <span class='ocr_line' id='line_1_20' title="bbox 0 0 341 1670; baseline 0 0"><span class='ocrx_word' id='word_1_183' title='bbox 0 0 341 1670; x_wconf 95' lang='lat' dir='ltr'> </span> 
     </span>
    </p>
   </div>
   <div class='ocr_carea' id='block_1_4' title="bbox 1138 1668 1288 1722">
    <p class='ocr_par' dir='ltr' id='par_1_4' title="bbox 1138 1668 1288 1722">
     <span class='ocr_line' id='line_1_21' title="bbox 1138 1668 1288 1722; baseline 0.007 -16"><span class='ocrx_word' id='word_1_184' title='bbox 1138 1668 1167 1722; x_wconf 68' lang='lat' dir='ltr'><strong>g</strong></span> <span class='ocrx_word' id='word_1_185' title='bbox 1211 1668 1288 1707; x_wconf 82' lang='lat' dir='ltr'>lx.</span> 
     </span>
    </p>
   </div>
   <div class='ocr_carea' id='block_1_5' title="bbox 350 1797 2057 2194">
    <p class='ocr_par' dir='ltr' id='par_1_5' title="bbox 350 1797 2057 2194">
     <span class='ocr_line' id='line_1_22' title="bbox 410 1797 2056 1857; baseline -0.001 -13"><span class='ocrx_word' id='word_1_186' title='bbox 410 1803 558 1845; x_wconf 89' lang='lat' dir='ltr'>Tribus</span> <span class='ocrx_word' id='word_1_187' title='bbox 578 1804 716 1857; x_wconf 84' lang='lat' dir='ltr'>itaque</span> <span class='ocrx_word' id='word_1_188' title='bbox 734 1799 1006 1857; x_wconf 87' lang='lat' dir='ltr'>probabilium</span> <span class='ocrx_word' id='word_1_189' title='bbox 1025 1797 1219 1853; x_wconf 86' lang='lat' dir='ltr'>gradibus</span> <span class='ocrx_word' id='word_1_190' title='bbox 1245 1799 1493 1848; x_wconf 85' lang='lat' dir='ltr'>constitutis,</span> <span class='ocrx_word' id='word_1_191' title='bbox 1516 1799 1721 1854; x_wconf 89' lang='lat' dir='ltr'>reliquum</span> <span class='ocrx_word' id='word_1_192' title='bbox 1741 1808 1819 1850; x_wconf 88' lang='lat' dir='ltr'>est,</span> <span class='ocrx_word' id='word_1_193' title='bbox 1844 1808 1891 1840; x_wconf 89' lang='lat' dir='ltr'>ut</span> <span class='ocrx_word' id='word_1_194' title='bbox 1912 1815 2056 1841; x_wconf 89' lang='lat' dir='ltr'>eorum</span> 
     </span>
     <span class='ocr_line' id='line_1_23' title="bbox 354 1865 2055 1917; baseline -0.001 -5"><span class='ocrx_word' id='word_1_195' title='bbox 354 1886 452 1912; x_wconf 81' lang='lat' dir='ltr'>usus</span> <span class='ocrx_word' id='word_1_196' title='bbox 473 1871 691 1910; x_wconf 86' lang='lat' dir='ltr'>indicetur.</span> <span class='ocrx_word' id='word_1_197' title='bbox 711 1870 759 1908; x_wconf 92' lang='lat' dir='ltr'>In</span> <span class='ocrx_word' id='word_1_198' title='bbox 786 1869 864 1907; x_wconf 88' lang='lat' dir='ltr'>hoc</span> <span class='ocrx_word' id='word_1_199' title='bbox 884 1874 1023 1906; x_wconf 84' lang='lat' dir='ltr'>autem</span> <span class='ocrx_word' id='word_1_200' title='bbox 1043 1865 1352 1904; x_wconf 83' lang='lat' dir='ltr'>determinando</span> <span class='ocrx_word' id='word_1_201' title='bbox 1372 1865 1577 1917; x_wconf 88' lang='lat' dir='ltr'>duplicem</span> <span class='ocrx_word' id='word_1_202' title='bbox 1611 1868 1836 1908; x_wconf 89' lang='lat' dir='ltr'>Carneades</span> <span class='ocrx_word' id='word_1_203' title='bbox 1856 1871 2055 1910; x_wconf 88' lang='lat' dir='ltr'>rationem</span> 
     </span>
     <span class='ocr_line' id='line_1_24' title="bbox 353 1930 2056 1992; baseline -0.001 -12"><span class='ocrx_word' id='word_1_204' title='bbox 353 1937 551 1988; x_wconf 84' lang='lat' dir='ltr'>habebat,</span> <span class='ocrx_word' id='word_1_205' title='bbox 578 1952 715 1979; x_wconf 86' lang='lat' dir='ltr'>rerum</span> <span class='ocrx_word' id='word_1_206' title='bbox 744 1944 786 1977; x_wconf 83' lang='lat' dir='ltr'>et</span> <span class='ocrx_word' id='word_1_207' title='bbox 814 1935 1020 1990; x_wconf 85' lang='lat' dir='ltr'>temporis.</span> <span class='ocrx_word' id='word_1_208' title='bbox 1048 1931 1228 1982; x_wconf 88' lang='lat' dir='ltr'>Scilicet,</span> <span class='ocrx_word' id='word_1_209' title='bbox 1257 1931 1299 1970; x_wconf 94' lang='lat' dir='ltr'>in</span> <span class='ocrx_word' id='word_1_210' title='bbox 1332 1930 1453 1972; x_wconf 87' lang='lat' dir='ltr'>rebus</span> <span class='ocrx_word' id='word_1_211' title='bbox 1478 1932 1718 1985; x_wconf 87' lang='lat' dir='ltr'>levioribus,</span> <span class='ocrx_word' id='word_1_212' title='bbox 1746 1936 1827 1976; x_wconf 89' lang='lat' dir='ltr'>sola</span> <span class='ocrx_word' id='word_1_213' title='bbox 1857 1937 2056 1992; x_wconf 86' lang='lat' dir='ltr'>probabili</span> 
     </span>
     <span class='ocr_line' id='line_1_25' title="bbox 352 1999 2057 2061; baseline 0 -14"><span class='ocrx_word' id='word_1_214' title='bbox 352 2008 567 2048; x_wconf 76' lang='lat' dir='ltr'>Phantasia</span> <span class='ocrx_word' id='word_1_215' title='bbox 594 2006 793 2061; x_wconf 88' lang='lat' dir='ltr'>judicium</span> <span class='ocrx_word' id='word_1_216' title='bbox 816 2002 1050 2043; x_wconf 87' lang='lat' dir='ltr'>faciendum</span> <span class='ocrx_word' id='word_1_217' title='bbox 1067 2007 1147 2048; x_wconf 88' lang='lat' dir='ltr'>est;</span> <span class='ocrx_word' id='word_1_218' title='bbox 1170 2007 1211 2038; x_wconf 83' lang='lat' dir='ltr'>at</span> <span class='ocrx_word' id='word_1_219' title='bbox 1228 2000 1271 2038; x_wconf 90' lang='lat' dir='ltr'>in</span> <span class='ocrx_word' id='word_1_220' title='bbox 1299 1999 1420 2040; x_wconf 89' lang='lat' dir='ltr'>rebus</span> <span class='ocrx_word' id='word_1_221' title='bbox 1445 2001 1619 2057; x_wconf 87' lang='lat' dir='ltr'>alicujus</span> <span class='ocrx_word' id='word_1_222' title='bbox 1646 2006 1864 2054; x_wconf 88' lang='lat' dir='ltr'>momenti,</span> <span class='ocrx_word' id='word_1_223' title='bbox 1891 2020 1937 2045; x_wconf 87' lang='lat' dir='ltr'>ea</span> <span class='ocrx_word' id='word_1_224' title='bbox 1965 2020 2057 2061; x_wconf 88' lang='lat' dir='ltr'>quae</span> 
     </span>
     <span class='ocr_line' id='line_1_26' title="bbox 350 2068 2053 2129; baseline -0.001 -13"><span class='ocrx_word' id='word_1_225' title='bbox 350 2090 433 2116; x_wconf 89' lang='lat' dir='ltr'>non</span> <span class='ocrx_word' id='word_1_226' title='bbox 461 2073 730 2129; x_wconf 78' lang='lat' dir='ltr'>impediatur3</span> <span class='ocrx_word' id='word_1_227' title='bbox 763 2072 806 2111; x_wconf 89' lang='lat' dir='ltr'>in</span> <span class='ocrx_word' id='word_1_228' title='bbox 834 2071 881 2109; x_wconf 91' lang='lat' dir='ltr'>iis</span> <span class='ocrx_word' id='word_1_229' title='bbox 909 2068 1087 2122; x_wconf 89' lang='lat' dir='ltr'>denique</span> <span class='ocrx_word' id='word_1_230' title='bbox 1111 2082 1202 2122; x_wconf 88' lang='lat' dir='ltr'>quae</span> <span class='ocrx_word' id='word_1_231' title='bbox 1223 2068 1432 2122; x_wconf 86' lang='lat' dir='ltr'>pertinent</span> <span class='ocrx_word' id='word_1_232' title='bbox 1462 2069 1513 2109; x_wconf 89' lang='lat' dir='ltr'>ad</span> <span class='ocrx_word' id='word_1_233' title='bbox 1544 2069 1648 2110; x_wconf 89' lang='lat' dir='ltr'>bene</span> <span class='ocrx_word' id='word_1_234' title='bbox 1675 2070 1877 2127; x_wconf 89' lang='lat' dir='ltr'>beateque</span> <span class='ocrx_word' id='word_1_235' title='bbox 1909 2075 2053 2115; x_wconf 90' lang='lat' dir='ltr'>viven—</span> 
     </span>
     <span class='ocr_line' id='line_1_27' title="bbox 350 2136 2052 2194; baseline 0.002 -14"><span class='ocrx_word' id='word_1_236' title='bbox 350 2144 471 2194; x_wconf 87' lang='lat' dir='ltr'>dum,</span> <span class='ocrx_word' id='word_1_237' title='bbox 495 2142 723 2182; x_wconf 79' lang='lat' dir='ltr'>examinata</span> <span class='ocrx_word' id='word_1_238' title='bbox 749 2153 823 2194; x_wconf 85' lang='lat' dir='ltr'>per</span> <span class='ocrx_word' id='word_1_239' title='bbox 849 2146 983 2193; x_wconf 89' lang='lat' dir='ltr'>partes</span> <span class='ocrx_word' id='word_1_240' title='bbox 1008 2137 1084 2190; x_wconf 85' lang='lat'><strong>(6).</strong></span> <span class='ocrx_word' id='word_1_241' title='bbox 1112 2136 1250 2176; x_wconf 88' lang='lat' dir='ltr'>Altera</span> <span class='ocrx_word' id='word_1_242' title='bbox 1276 2150 1371 2178; x_wconf 87' lang='lat' dir='ltr'>vero</span> <span class='ocrx_word' id='word_1_243' title='bbox 1397 2151 1446 2177; x_wconf 80' lang='lat' dir='ltr'>ex</span> <span class='ocrx_word' id='word_1_244' title='bbox 1474 2146 1611 2193; x_wconf 89' lang='lat' dir='ltr'>parte,</span> <span class='ocrx_word' id='word_1_245' title='bbox 1637 2139 1887 2193; x_wconf 81' lang='lat' dir='ltr'>probabilem</span> <span class='ocrx_word' id='word_1_246' title='bbox 1912 2143 2052 2183; x_wconf 87' lang='lat' dir='ltr'>Phan-</span> 
     </span>
    </p>
   </div>
   <div class='ocr_carea' id='block_1_6' title="bbox 346 2220 2028 2236">
    <p class='ocr_par' dir='ltr' id='par_1_6' title="bbox 346 2220 2028 2236">
     <span class='ocr_line' id='line_1_28' title="bbox 346 2220 2028 2236; baseline 0 1065"><span class='ocrx_word' id='word_1_247' title='bbox 346 2220 2028 2236; x_wconf 95' lang='lat' dir='ltr'> </span> 
     </span>
    </p>
   </div>
   <div class='ocr_carea' id='block_1_7' title="bbox 349 2257 2053 2453">
    <p class='ocr_par' dir='ltr' id='par_1_7' title="bbox 426 2257 1435 2300">
     <span class='ocr_line' id='line_1_29' title="bbox 426 2257 1435 2300; baseline -0.004 -10"><span class='ocrx_word' id='word_1_248' title='bbox 426 2262 469 2300; x_wconf 89' lang='grc' dir='ltr'>(ι)</span> <span class='ocrx_word' id='word_1_249' title='bbox 492 2260 539 2289; x_wconf 88' lang='lat' dir='ltr'>ld.</span> <span class='ocrx_word' id='word_1_250' title='bbox 568 2260 647 2289; x_wconf 79' lang='lat' dir='ltr'>ibid.</span> <span class='ocrx_word' id='word_1_251' title='bbox 669 2260 686 2298; x_wconf 87' lang='lat'>§</span> <span class='ocrx_word' id='word_1_252' title='bbox 712 2259 776 2297; x_wconf 86' lang='lat'><strong>176.</strong></span> <span class='ocrx_word' id='word_1_253' title='bbox 799 2257 901 2288; x_wconf 85' lang='lat' dir='ltr'>Conff.</span> <span class='ocrx_word' id='word_1_254' title='bbox 924 2258 988 2287; x_wconf 88' lang='lat' dir='ltr'>Cic.</span> <span class='ocrx_word' id='word_1_255' title='bbox 1013 2257 1134 2287; x_wconf 87' lang='lat' dir='ltr'>Acadd.</span> <span class='ocrx_word' id='word_1_256' title='bbox 1163 2259 1212 2294; x_wconf 85' lang='lat'>11,</span> <span class='ocrx_word' id='word_1_257' title='bbox 1239 2268 1283 2287; x_wconf 79' lang='grc' dir='ltr'>ιι.</span> <span class='ocrx_word' id='word_1_258' title='bbox 1311 2268 1343 2296; x_wconf 81' lang='lat' dir='ltr'>p.</span> <span class='ocrx_word' id='word_1_259' title='bbox 1370 2268 1435 2287; x_wconf 84' lang='grc' dir='ltr'><strong>ιιι.</strong></span> 
     </span>
    </p>

    <p class='ocr_par' dir='ltr' id='par_1_8' title="bbox 425 2310 1015 2350">
     <span class='ocr_line' id='line_1_30' title="bbox 425 2310 1015 2350; baseline -0.005 -10"><span class='ocrx_word' id='word_1_260' title='bbox 425 2313 467 2350; x_wconf 82' lang='lat'>(2)</span> <span class='ocrx_word' id='word_1_261' title='bbox 488 2312 598 2341; x_wconf 63' lang='lat' dir='ltr'>Sextus</span> <span class='ocrx_word' id='word_1_262' title='bbox 615 2310 792 2349; x_wconf 76' lang='lat' dir='ltr'>Empiricus</span> <span class='ocrx_word' id='word_1_263' title='bbox 818 2311 840 2338; x_wconf 78' lang='lat' dir='ltr'>l.</span> <span class='ocrx_word' id='word_1_264' title='bbox 862 2310 884 2338; x_wconf 89' lang='lat' dir='ltr'>l.</span> <span class='ocrx_word' id='word_1_265' title='bbox 908 2310 924 2348; x_wconf 60' lang='grc' dir='ltr'>ᾗ</span> <span class='ocrx_word' id='word_1_266' title='bbox 952 2320 1015 2348; x_wconf 84' lang='lat'><strong>¹79-</strong></span> 
     </span>
    </p>

    <p class='ocr_par' dir='ltr' id='par_1_9' title="bbox 349 2360 2053 2453">
     <span class='ocr_line' id='line_1_31' title="bbox 426 2360 2053 2401; baseline 0.001 -10"><span class='ocrx_word' id='word_1_267' title='bbox 426 2363 476 2401; x_wconf 83' lang='lat'>(3)</span> <span class='ocrx_word' id='word_1_268' title='bbox 500 2362 586 2391; x_wconf 84' lang='lat' dir='ltr'>Hanc</span> <span class='ocrx_word' id='word_1_269' title='bbox 609 2367 688 2390; x_wconf 85' lang='lat' dir='ltr'>recte</span> <span class='ocrx_word' id='word_1_270' title='bbox 711 2361 781 2400; x_wconf 77' lang='lat' dir='ltr'>quis</span> <span class='ocrx_word' id='word_1_271' title='bbox 797 2370 867 2390; x_wconf 89' lang='lat' dir='ltr'>cum</span> <span class='ocrx_word' id='word_1_272' title='bbox 891 2360 1038 2389; x_wconf 80' lang='lat' dir='ltr'>Cicerone</span> <span class='ocrx_word' id='word_1_273' title='bbox 1060 2360 1240 2390; x_wconf 76' lang='lat' dir='ltr'>vocaverit:</span> <span class='ocrx_word' id='word_1_274' title='bbox 1271 2369 1312 2389; x_wconf 83' lang='lat' dir='ltr'>ex</span> <span class='ocrx_word' id='word_1_275' title='bbox 1331 2361 1605 2398; x_wconf 82' lang='lat' dir='ltr'>circumspectione</span> <span class='ocrx_word' id='word_1_276' title='bbox 1627 2360 1737 2398; x_wconf 76' lang='lat' dir='ltr'>aIIqua</span> <span class='ocrx_word' id='word_1_277' title='bbox 1758 2365 1788 2389; x_wconf 84' lang='lat' dir='ltr'>et</span> <span class='ocrx_word' id='word_1_278' title='bbox 1813 2367 1961 2392; x_wconf 77' lang='lat' dir='ltr'>accurata</span> <span class='ocrx_word' id='word_1_279' title='bbox 1981 2372 2053 2394; x_wconf 70' lang='lat' dir='ltr'>con—</span> 
     </span>
     <span class='ocr_line' id='line_1_32' title="bbox 349 2410 1216 2453; baseline -0.006 -9"><span class='ocrx_word' id='word_1_280' title='bbox 349 2414 539 2444; x_wconf 67' lang='lat' dir='ltr'>:iactatione</span> <span class='ocrx_word' id='word_1_281' title='bbox 558 2412 767 2453; x_wconf 79' lang='lat' dir='ltr'>probabilem.</span> <span class='ocrx_word' id='word_1_282' title='bbox 795 2411 916 2440; x_wconf 76' lang='lat' dir='ltr'>Acadd.</span> <span class='ocrx_word' id='word_1_283' title='bbox 944 2410 979 2440; x_wconf 88' lang='lat'>11</span> <span class='ocrx_word' id='word_1_284' title='bbox 994 2433 1001 2447; x_wconf 90' lang='lat'>,</span> <span class='ocrx_word' id='word_1_285' title='bbox 1026 2420 1071 2440; x_wconf 91' lang='grc' dir='ltr'>ιι.</span> <span class='ocrx_word' id='word_1_286' title='bbox 1095 2421 1127 2449; x_wconf 86' lang='lat' dir='ltr'>p.</span> <span class='ocrx_word' id='word_1_287' title='bbox 1152 2412 1216 2440; x_wconf 81' lang='lat'>114.</span> 
     </span>
    </p>
   </div>
   <div class='ocr_carea' id='block_1_8' title="bbox 426 2462 2051 2554">
    <p class='ocr_par' dir='ltr' id='par_1_10' title="bbox 426 2462 2051 2554">
     <span class='ocr_line' id='line_1_33' title="bbox 428 2462 1091 2503; baseline -0.006 -9"><span class='ocrx_word' id='word_1_288' title='bbox 428 2465 477 2503; x_wconf 81' lang='lat'>(4)</span> <span class='ocrx_word' id='word_1_289' title='bbox 498 2465 608 2494; x_wconf 77' lang='lat' dir='ltr'>Sextus</span> <span class='ocrx_word' id='word_1_290' title='bbox 633 2462 807 2502; x_wconf 76' lang='lat' dir='ltr'>Empiricns</span> <span class='ocrx_word' id='word_1_291' title='bbox 829 2462 851 2491; x_wconf 82' lang='lat'>1.</span> <span class='ocrx_word' id='word_1_292' title='bbox 875 2462 897 2491; x_wconf 92' lang='lat' dir='ltr'>l.</span> <span class='ocrx_word' id='word_1_293' title='bbox 921 2462 937 2501; x_wconf 88' lang='lat'>§</span> <span class='ocrx_word' id='word_1_294' title='bbox 959 2462 1023 2491; x_wconf 86' lang='lat'>181.</span> <span class='ocrx_word' id='word_1_295' title='bbox 1045 2471 1091 2501; x_wconf 77' lang='lat' dir='ltr'>sq.</span> 
     </span>
     <span class='ocr_line' id='line_1_34' title="bbox 426 2511 2051 2554; baseline 0.001 -11"><span class='ocrx_word' id='word_1_296' title='bbox 426 2516 475 2554; x_wconf 80' lang='lat'>(5)</span> <span class='ocrx_word' id='word_1_297' title='bbox 501 2514 547 2543; x_wconf 91' lang='lat' dir='ltr'>ld.</span> <span class='ocrx_word' id='word_1_298' title='bbox 573 2513 653 2542; x_wconf 78' lang='lat' dir='ltr'>ibid.</span> <span class='ocrx_word' id='word_1_299' title='bbox 677 2513 693 2550; x_wconf 89' lang='lat'>§</span> <span class='ocrx_word' id='word_1_300' title='bbox 717 2514 779 2541; x_wconf 78' lang='lat'><strong>124.</strong></span> <span class='ocrx_word' id='word_1_301' title='bbox 801 2512 903 2541; x_wconf 88' lang='lat' dir='ltr'>Conff.</span> <span class='ocrx_word' id='word_1_302' title='bbox 923 2512 1080 2550; x_wconf 84' lang='lat' dir='ltr'>Pyrrhon.</span> <span class='ocrx_word' id='word_1_303' title='bbox 1103 2512 1272 2550; x_wconf 83' lang='lat' dir='ltr'>Hypotyp.</span> <span class='ocrx_word' id='word_1_304' title='bbox 1296 2514 1328 2547; x_wconf 88' lang='lat'>1,</span> <span class='ocrx_word' id='word_1_305' title='bbox 1351 2512 1367 2549; x_wconf 85' lang='lat'>§</span> <span class='ocrx_word' id='word_1_306' title='bbox 1393 2521 1438 2540; x_wconf 72' lang='grc' dir='ltr'>η.</span> <span class='ocrx_word' id='word_1_307' title='bbox 1464 2511 1571 2550; x_wconf 86' lang='lat' dir='ltr'>Ibique</span> <span class='ocrx_word' id='word_1_308' title='bbox 1592 2511 1749 2540; x_wconf 76' lang='lat' dir='ltr'>Fabricius</span> <span class='ocrx_word' id='word_1_309' title='bbox 1769 2517 1799 2541; x_wconf 82' lang='lat' dir='ltr'>et</span> <span class='ocrx_word' id='word_1_310' title='bbox 1816 2513 1855 2541; x_wconf 83' lang='lat' dir='ltr'>ab</span> <span class='ocrx_word' id='word_1_311' title='bbox 1870 2522 1905 2541; x_wconf 83' lang='lat' dir='ltr'>eo</span> <span class='ocrx_word' id='word_1_312' title='bbox 1923 2513 2051 2544; x_wconf 72' lang='lat' dir='ltr'>laudan</span> 
     </span>
    </p>
   </div>
   <div class='ocr_carea' id='block_1_9' title="bbox 350 2561 2019 2655">
    <p class='ocr_par' dir='ltr' id='par_1_11' title="bbox 350 2561 2019 2655">
     <span class='ocr_line' id='line_1_35' title="bbox 350 2561 2019 2605; baseline 0 -9"><span class='ocrx_word' id='word_1_313' title='bbox 350 2565 440 2596; x_wconf 81' lang='lat' dir='ltr'>docta</span> <span class='ocrx_word' id='word_1_314' title='bbox 457 2563 548 2594; x_wconf 78' lang='lat' dir='ltr'>Fabri</span> <span class='ocrx_word' id='word_1_315' title='bbox 569 2562 743 2603; x_wconf 77' lang='lat' dir='ltr'>disputatio</span> <span class='ocrx_word' id='word_1_316' title='bbox 766 2562 805 2592; x_wconf 86' lang='lat' dir='ltr'>ad</span> <span class='ocrx_word' id='word_1_317' title='bbox 827 2562 892 2592; x_wconf 89' lang='lat' dir='ltr'>Cic.</span> <span class='ocrx_word' id='word_1_318' title='bbox 916 2561 1037 2591; x_wconf 78' lang='lat' dir='ltr'>Acadd.</span> <span class='ocrx_word' id='word_1_319' title='bbox 1064 2564 1113 2599; x_wconf 88' lang='lat'>11,</span> <span class='ocrx_word' id='word_1_320' title='bbox 1136 2572 1181 2591; x_wconf 89' lang='grc' dir='ltr'>ιι.</span> <span class='ocrx_word' id='word_1_321' title='bbox 1199 2562 1278 2592; x_wconf 83' lang='lat' dir='ltr'>adde</span> <span class='ocrx_word' id='word_1_322' title='bbox 1302 2562 1463 2593; x_wconf 72' lang='lat' dir='ltr'>Davisium</span> <span class='ocrx_word' id='word_1_323' title='bbox 1480 2562 1519 2592; x_wconf 82' lang='lat' dir='ltr'>ad</span> <span class='ocrx_word' id='word_1_324' title='bbox 1541 2562 1683 2592; x_wconf 82' lang='lat' dir='ltr'>eumdem</span> <span class='ocrx_word' id='word_1_325' title='bbox 1708 2562 1812 2593; x_wconf 78' lang='lat' dir='ltr'>locum</span> <span class='ocrx_word' id='word_1_326' title='bbox 1830 2574 1863 2604; x_wconf 83' lang='lat' dir='ltr'>p.</span> <span class='ocrx_word' id='word_1_327' title='bbox 1887 2574 1951 2595; x_wconf 77' lang='grc' dir='ltr'>ιιι.</span> <span class='ocrx_word' id='word_1_328' title='bbox 1975 2575 2019 2605; x_wconf 71' lang='grc' dir='ltr'>η.</span> 
     </span>
     <span class='ocr_line' id='line_1_36' title="bbox 424 2613 1304 2655; baseline -0.005 -9"><span class='ocrx_word' id='word_1_329' title='bbox 424 2617 481 2655; x_wconf 86' lang='grc'>(6)</span> <span class='ocrx_word' id='word_1_330' title='bbox 501 2617 610 2646; x_wconf 75' lang='lat' dir='ltr'>Sextus</span> <span class='ocrx_word' id='word_1_331' title='bbox 630 2614 805 2653; x_wconf 75' lang='lat' dir='ltr'>Empiricus</span> <span class='ocrx_word' id='word_1_332' title='bbox 828 2613 902 2644; x_wconf 78' lang='lat' dir='ltr'>adv.</span> <span class='ocrx_word' id='word_1_333' title='bbox 924 2614 1075 2644; x_wconf 76' lang='lat' dir='ltr'>Mathem.</span> <span class='ocrx_word' id='word_1_334' title='bbox 1101 2614 1175 2645; x_wconf 84' lang='lat' dir='ltr'>vu.</span> <span class='ocrx_word' id='word_1_335' title='bbox 1198 2614 1215 2652; x_wconf 87' lang='lat'>§</span> <span class='ocrx_word' id='word_1_336' title='bbox 1240 2614 1304 2643; x_wconf 79' lang='lat'><strong>184.</strong></span> 
     </span>
    </p>
   </div>
   <div class='ocr_carea' id='block_1_10' title="bbox 2684 0 2740 3300">
    <p class='ocr_par' dir='ltr' id='par_1_12' title="bbox 2684 0 2740 3300">
     <span class='ocr_line' id='line_1_37' title="bbox 2684 0 2740 3300; baseline 0 0"><span class='ocrx_word' id='word_1_337' title='bbox 2684 0 2740 3300; x_wconf 95' lang='lat' dir='ltr'> </span> 
     </span>
    </p>
   </div>
  </div>
 </body>
</html>
