2743 3301
1388 316 1410 371 (
1444 330 1493 359 ¹0
1523 318 1543 373 )

608 425 692 468 que
725 419 893 469 captans
924 410 1048 453 libros
1083 411 1254 468 posteris
1290 410 1579 477 relinquebat,
1618 413 1690 455 sed
1726 412 1955 472 ejusmodi,
1996 418 2070 474 qui
2106 434 2159 461 ne
2195 429 2332 477 postea

608 481 800 538 quidem,
828 489 918 523 tum
947 494 1045 523 vero
1072 481 1203 523 multo
1233 482 1391 534 minus,
1428 477 1682 524 Carneadem
1708 482 1856 536 illum,
1890 486 1964 541 qui
1994 493 2134 529 tantus
2164 496 2336 547 tamque

607 549 857 590 admirabilis
890 548 983 607 ejus
1017 552 1093 591 aevi
1127 550 1364 592 hominibus
1410 550 1656 603 videbatur,
1703 554 1905 595 sustinere
1953 564 2130 612 possent.
2185 558 2333 620 Neque

604 619 803 661 Numenii
830 621 1064 662 testimonio
1096 628 1304 677 repugnat
1328 620 1600 673 Plutarchus,
1629 622 1703 677 qui
1733 622 1905 680 insuper
1934 625 2199 683 Antipatrum
2224 627 2333 691 hanc

604 686 660 728 ob
691 702 875 730 caussam
899 689 1177 744 Καλαμοβόαν
1209 690 1548 745 cognominatum
1580 689 1711 754 refert
1731 691 1806 746 (1).

1396 861 1428 916 g
1467 860 1539 902 VI.

659 1004 891 1045 Carneades
916 1013 1057 1046 autem
1097 1006 1246 1047 scholae
1279 1006 1495 1062 praefuisse
1528 1007 1694 1049 videtur
1723 1008 1776 1050 ad
1808 1017 2014 1053 extremos
2047 1013 2141 1056 vitae
2177 1030 2325 1071 annos,

601 1086 694 1127 quae
725 1071 778 1113 ad
808 1072 975 1129 longam
1007 1082 1265 1116 senectutem
1288 1074 1489 1131 producta
1523 1083 1586 1117 est
1615 1076 1694 1132 (2).
1733 1077 1814 1119 Sed
1847 1094 1986 1136 neque
2018 1091 2207 1125 senectus
2242 1087 2326 1127 suis

601 1141 739 1182 caruit
749 1141 1071 1184 infirmitatibus.
1087 1142 1236 1185 Narrat
1255 1144 1368 1185 enim
1385 1144 1591 1200 Diogenes
1604 1145 1794 1187 Lae'rtius
1811 1146 1891 1203 (3),
1906 1148 2063 1202 oculos,
2077 1151 2164 1207 ipso
2176 1152 2323 1205 inscio,

600 1208 777 1264 caligine
804 1210 965 1252 offundi
994 1211 1133 1252 solitos
1149 1241 1161 1263 ,
1190 1211 1420 1269 jubereque
1452 1226 1552 1254 eum
1581 1213 1749 1255 solitum
1777 1229 1910 1270 puero
1934 1217 2149 1270 lucernam
2174 1235 2325 1265 accen—

597 1275 720 1330 dere;
760 1292 888 1334 quam
919 1278 990 1321 ille
1018 1294 1118 1322 cum
1148 1280 1372 1334 attulisset,
1410 1296 1458 1323 ac
1486 1281 1665 1335 diceret,
1693 1283 1853 1326 Attuli:
1885 1287 2177 1343 respondebat,
2193 1291 2322 1346 -Lege

599 1346 740 1401 igitur.
773 1346 866 1388 Non
895 1361 1015 1403 aequo
1043 1356 1183 1390 tamen
1214 1351 1352 1390 animo
1378 1350 1475 1393 vitae
1510 1351 1636 1392 finem
1667 1353 2068 1409 appropinquantem
2100 1356 2227 1409 vidit,
2266 1359 2323 1398 si-

597 1413 769 1468 quidem
788 1414 1015 1456 dictitabat·
1033 1419 1085 1464 H
1095 1418 1350 1469 συστήσασα
1374 1423 1499 1475 φύσις
1520 1422 1589 1463 καὶ
1612 1419 1880 1477 διακλείει-πῇ).
1901 1422 2023 1465 Diem
2036 1422 2137 1465 obiit
2151 1425 2318 1483 Olymp,

597 1482 747 1523 CLXII
776 1498 884 1524 anno
911 1484 959 1536 4,
994 1488 1120 1526 aetatis
1145 1494 1286 1528 autem
1313 1502 1399 1528 suae
1430 1488 1508 1528 XC
1532 1488 1595 1544 (5)
1626 1489 1690 1531 vel
1721 1491 1858 1546 potius
1888 1479 2093 1534 LXXXV
2119 1494 2195 1549 (6).
2230 1496 2321 1550 Ipso

596 1563 695 1591 vero
719 1550 809 1606 ejus
839 1553 979 1592 mortis
1003 1553 1071 1594 die
1100 1554 1377 1596 defectionem
1406 1556 1520 1598 lunae
1549 1557 1725 1609 factam,
1757 1558 1934 1615 solisque
1958 1560 2107 1602 faciem
2142 1561 2322 1604 tenebris

596 1615 855 1666 obscuratam
883 1633 990 1672 esse,
1022 1621 1131 1663 fama
1155 1630 1216 1663 est
1243 1622 1318 1679 (7).

1362 1794 1405 1850 g.
1457 1792 1549 1834 vn.

652 1933 908 1977 Carneadem
944 1943 1094 1977 natura
1134 1946 1349 1980 ornaverat
1383 1938 1579 1980 omnibus
1611 1941 1727 1993 fere,
1763 1939 1914 1998 quibus
1944 1944 2156 1998 perfectus
2182 1954 2316 1987 emtor

593 2010 805 2056 censetur,
834 2000 1011 2046 dotibus.
1051 2004 1153 2047 Erat
1177 2007 1287 2049 enim
1319 2009 1364 2049 iu
1394 2020 1443 2050 eo
1471 2006 1611 2052 divina
1642 2007 1832 2066 qu'aedam
1864 2013 2021 2068 ingenii
2058 2012 2245 2056 celeritas
2275 2026 2315 2057 et

667 2178 711 2216 (ι)
733 2178 779 2207 De
801 2178 1013 2214 Garrulitnte,
1040 2190 1075 2219 p.
1099 2181 1171 2210 514.
1194 2181 1235 2210 D.

666 2228 709 2267 (2)
730 2228 805 2260 vid.
830 2229 895 2261 Cic.
917 2229 1041 2261 Acadd.
1064 2232 1114 2268 11,
1140 2231 1170 2262 6.
1196 2230 1233 2262 de
1254 2231 1342 2263 Orat.
1371 2234 1439 2269 111,
1465 2234 1514 2274 39.
1540 2234 1710 2277 Angustia.
1732 2233 1832 2276 Epist.
1860 2234 1900 2266 ad
1918 2233 2207 2277 Hermogenianum
2228 2234 2311 2280 Opp-

591 2284 614 2308 t.
638 2281 682 2308 ΙΙ.
704 2290 736 2318 p.
760 2281 791 2310 3.
817 2280 859 2310 A.
886 2281 992 2312 Valet.
1016 2282 1105 2312 Max.
1133 2282 1232 2320 VIII,
1259 2294 1289 2321 7.
1311 2293 1343 2322 p.
1363 2284 1420 2313 526
1446 2285 1552 2324 Kapp-

668 2330 712 2369 (5)
733 2330 803 2360 Lib.
829 2331 888 2361 IV.
910 2341 1006 2373 oegm.
1030 2333 1080 2362 66.

668 2381 712 2419 (4)
733 2381 825 2422 Diog.
850 2382 956 2422 Laii-t.
981 2383 1040 2422 IV,
1059 2383 1109 2413 64.

669 2430 712 2470 (5)
731 2431 795 2462 Cic.
817 2431 940 2465 Acadd.
962 2435 1015 2472 11,
1039 2434 1068 2465 6.
1096 2433 1171 2465 Val.
1196 2435 1282 2466 Max.
1308 2436 1330 2467 1.
1353 2437 1376 2467 l.

669 2481 712 2520 (6)
733 2480 945 2521 Apollodorus
966 2484 999 2516 in
1028 2484 1195 2517 chronici·
1211 2487 1297 2526 apud
1317 2487 1422 2519 Lae'rt.
1444 2489 1503 2528 IV,
1532 2490 1569 2521 65
1583 2513 1591 2528 ,
1614 2495 1645 2521 et
1669 2488 1827 2523 Lucianu·
1847 2490 1882 2521 in
1905 2489 2044 2522 M'acrob.
2072 2503 2098 2522 c.
2121 2503 2169 2522 ιο.
2198 2499 2220 2523 t.
2248 2495 2309 2524 111.

588 2541 621 2570 p.
646 2541 716 2562 222.
737 2532 839 2563 Reitz.

670 2584 713 2623 (7)
735 2583 828 2626 Diog.
850 2585 954 2617 Lae'rt·
980 2587 1002 2619 1.
1023 2587 1047 2620 l.
1066 2587 1180 2620 suidas
1198 2588 1221 2619 l.
1244 2589 1260 2629 §
1282 2601 1300 2620 2
1315 2592 1477 2632 apposito:
1496 2593 1609 2635 quibua
1628 2591 1770 2625 addatur
1786 2590 1964 2635 Hesychia·
1982 2592 2123 2627 Mileoim
2143 2595 2177 2626 in
2199 2595 2307 2627 libello

584 2636 622 2665 de
645 2635 703 2674 iis,
726 2636 782 2676 qui
800 2637 989 2668 eruditioni·
1007 2639 1094 2670 fama
1108 2640 1297 2680 inclaruere,
1325 2642 1446 2682 adjecto
1471 2645 1694 2685 Stephani-anm
1717 2644 1838 2676 Laeuii
1862 2644 2016 2684 editioni,
2038 2657 2069 2687 p.
2091 2647 2129 2676 40
2147 2644 2184 2677 Β.
